2068 3310
99 151 134 193 Ι.
157 153 196 193 2.
214 153 425 206 131—158.
747 145 1206 195 TRINVMMVS.
1813 163 1846 213 9

94 285 256 336 Aedis
294 286 486 336 venalis
525 286 678 338 hasce
716 289 944 339 inscribit
982 290 1171 341 litteris.

92 377 215 421 ME.
256 371 544 422 Adesurivit
582 373 631 423 et
668 375 873 424 inhiavit
911 375 1072 426 acrius

94 457 302 524 Lupus:
343 459 624 509 observavit
664 459 786 510 dum
827 462 1119 512 dormitaret
1159 482 1340 515 canes:
1748 470 1844 514 170

95 543 319 609 Gregem
357 544 652 596 univorsurn
690 548 845 597 voluit
883 558 1046 600 toturn
1088 552 1328 602 avortere.

95 635 202 678 CA.
245 630 477 680 Fecisset
515 633 714 697 edepol,
743 635 794 682 ni
832 635 958 686 haec
997 639 1362 703 praesensisset
1403 655 1568 689 canes.
1767 659 1842 699 155

95 718 196 767 Sed
234 717 372 768 nunc
410 735 593 784 rogare
629 721 715 769 lzoc
753 721 850 787 ego
890 724 1109 775 vicissim
1147 725 1195 776 te
1234 727 1378 776 volo:

95 804 234 866 Quid
271 804 361 855 fuit
400 806 625 856 officium
663 808 835 859 meum
874 827 957 861 me
997 812 1196 863 facere?
1237 813 1314 863 fac
1355 815 1540 864 sciam:

93 888 278 951 Vtrum
317 890 538 939 indicare
577 907 660 941 me
700 894 747 941 ei
784 893 1116 945 thensaurum
1155 897 1376 963 aequom
1416 897 1521 957 fuit,
1746 901 1843 946 175

94 975 385 1025 Advorsum
424 993 578 1041 quam
617 979 724 1027 eius
763 996 845 1029 me
886 982 1251 1032 obsecravisse't
1289 984 1463 1048 pater?

93 1063 178 1111 An
217 1078 316 1126 ego
354 1061 507 1111 alium
548 1063 814 1113 dominum
852 1066 1051 1132 paterer
1090 1069 1193 1118 fieri
1233 1069 1371 1120 hisce
1412 1068 1656 1119 aedibus?
1767 1089 1847 1128 140

94 1148 198 1209 Qui
236 1149 457 1209 emisset,
487 1150 594 1199 eius
633 1150 832 1201 essetne
871 1170 932 1202 ea
971 1153 1219 1219 pecunia?

90 1234 208 1283 Emi
245 1234 451 1300 egomet
489 1237 658 1300 potius
698 1238 873 1288 ae'dis:
914 1240 1181 1305 argentum
1222 1242 1337 1292 dedi

91 1319 382 1371 Thensauri
418 1337 586 1382 causa,
614 1331 668 1372 ut
709 1324 902 1374 salvom
941 1328 1107 1376 amico
1147 1328 1411 1378 traderem.
1746 1333 1844 1378 180

90 1406 274 1473 Neque
313 1408 443 1458 adeo
483 1409 639 1459 hasce
678 1412 777 1459 emi
815 1413 940 1461 mihi
979 1430 1075 1462 nec
1115 1414 1296 1463 usurae'
1337 1432 1515 1465 meae:

90 1493 171 1542 Illi
207 1495 398 1544 redemi
436 1494 652 1557 rursum,
682 1514 711 1546 a
749 1514 831 1547 me
869 1498 1138 1564 argentum
1177 1501 1308 1550 dedi.
1767 1524 1839 1563 1-45

92 1581 240 1631 Haec
280 1579 428 1632 sunt:
469 1584 511 1632 si
550 1594 685 1633 recte
726 1584 814 1634 seu
853 1602 1089 1651 pervorse
1129 1587 1261 1637 facta
1302 1601 1432 1648 sunt,

90 1666 206 1732 Ego
244 1667 326 1717 me
366 1668 543 1718 fecisse
582 1670 839 1732 confiteor,
870 1672 1249 1738 Megaronides,

90 1753 189 1803 Em
226 1755 343 1804 mea
381 1756 660 1818 malefacta,
691 1757 773 1806 em
810 1776 981 1808 meam
1020 1761 1278 1810 avaritiam
1316 1763 1419 1810 tibi.
1744 1767 1840 1812 185

91 1841 291 1890 Hascin
329 1842 399 1890 mi
436 1852 644 1908 propter
681 1844 759 1894 res
797 1845 954 1895 malas
994 1846 1156 1897 famas
1194 1848 1396 1898 ferunt?

88 1933 213 1977 ME.
252 1933 461 1978 Παῦσαι;
503 1931 662 1979 vicisti
702 1931 1056 1996 castigatorem
1095 1943 1253 1984 tuom.
1763 1959 1841 1999 150

89 2013 316 2064 Occlusti
355 2015 609 2080 linguam:
651 2018 776 2067 nihil
814 2029 891 2069 est
930 2021 1070 2085 quod
1108 2022 1463 2086 respondeam.

89 2107 196 2151 CA.
240 2101 392 2152 Nunc
431 2102 530 2166 ego
570 2113 618 2153 te
657 2121 849 2170 quaeso
889 2115 942 2155 ut
980 2123 1063 2156 me
1105 2108 1259 2172 opera
1299 2120 1347 2158 et
1387 2111 1600 2160 consilio
1641 2112 1778 2161 iuves

88 2186 537 2254 Conmunicesque
576 2190 711 2240 hanc
749 2192 954 2241 me'cum
993 2209 1162 2243 meam
1201 2197 1535 2261 provinciam.
1739 2203 1837 2248 190

86 2280 210 2324 ME.
250 2274 503 2326 Polliceor
548 2293 774 2341 operam.
853 2286 961 2329 CA.
1008 2280 1147 2346 Ergo
1202 2280 1288 2331 ubi
1342 2284 1436 2333 eris
1483 2285 1635 2348 paulo
1688 2286 1837 2351 post?

370 2368 493 2411 ME.
534 2363 718 2414 Domi:

87 2445 355 2512 Numquid
374 2450 483 2498 vis?
537 2457 645 2502 CA.
675 2450 834 2501 Cures
855 2452 994 2502 tuam
1014 2454 1181 2504 fidem.
1236 2462 1360 2505 ME.
1388 2456 1467 2505 Fit
1490 2456 1664 2507 sedulo
1688 2476 1697 2507 :
1757 2480 1833 2520 155

716 2537 956 2605 (flffovz‘ng
980 2557 1137 2605 awcgy,
1167 2543 1277 2623 then!
1302 2545 1511 2608 turning
1538 2544 1693 2611 back.)

79 2617 187 2681 ‚Sed
225 2621 347 2684 quid
386 2622 492 2671 ais?
570 2629 676 2673 CA.
718 2623 857 2685 Quid
896 2626 1002 2676 vis?
1078 2633 1200 2677 ME.
1244 2627 1346 2676 Vbi
1373 2645 1509 2678 nunc
1537 2630 1835 2681 adulescens

370 2707 556 2759 habet?

87 2796 194 2840 CA.
235 2791 548 2844 Posticulum
587 2796 685 2846 hoc
724 2796 930 2862 recepit,
959 2814 1118 2863 quom
1156 2800 1294 2849 aedis
1332 2800 1570 2852 vendidit.

27 2914 31 2915 γ
87 2882 210 2926 ME.
251 2877 391 2929 Istuc
430 2881 662 2931 volebam
702 2885 861 2933 scire:
903 2885 917 2932 i
958 2901 1078 2934 sane
1118 2884 1252 2934 nunc
1290 2887 1405 2935 iam.
1733 2895 1830 2940 195

565 2968 758 3037 (Agaz'n
784 2973 977 3037 movz'ng
1000 2988 1155 3038 away,
1185 2974 1289 3022 and
1307 2976 1512 3040 lurnzbzg
1539 2975 1690 3043 back.)
