2116 3326
214 140 283 213 38
947 140 1087 185 PLA
1105 137 1228 184 VTJ
1640 142 1720 185 IV.
1744 143 1783 183 2.
1814 142 1968 196 29-48.

214 299 328 343 GH.
370 289 526 352 Quid,
549 282 1118 350 adulescenS‚quae'ris?
1159 280 1282 347 quid
1309 280 1414 329 vis?
1456 277 1581 344 quid
1612 277 1734 327 istas
1765 275 1968 341 pultas?

501 380 607 424 SY.
649 370 811 432 Heus,
841 387 1014 430 senex,
1917 382 1969 423 29

213 463 558 514 Lesbonicum
583 459 702 508 hinc
730 457 1110 507 adulescentem
1139 452 1344 520 quaem,
1372 452 1424 500 in
1449 450 1527 500 his
1554 450 1850 515 regionibus

212 534 315 600 <sbi
348 550 551 608 habitet,
581 556 630 595 et
666 547 787 595 item
828 543 1041 594 alterum
1077 543 1142 591 ad
1177 542 1338 589 istanc
1371 538 1550 604 capitis
1585 535 1933 596 albitudinem,

214 637 476 688 Calliclem
514 651 648 698 quem
687 631 822 682 aibat
861 631 1029 680 vocari
1069 629 1154 695 qui
1193 626 1284 677 has
1323 626 1446 675 mihi
1486 625 1623 675 dedit
1660 623 1920 689 epistulas.

216 730 331 773 CH.
372 719 580 788 (Aside.)
621 717 802 769 Meum
837 727 1050 784 gnatum
1081 717 1163 766 hic
1197 715 1404 782 quidem
1435 712 1782 763 Lesbonicum
1816 707 1971 777 quae-

502 808 561 856 rit
601 815 651 855 et
690 803 913 854 amicum
952 820 1125 853 meum
1868 800 1970 846 875

217 895 359 956 Quoi
397 909 494 958 ego
534 892 821 956 liberosque
861 891 1100 955 bonaque
1140 886 1478 938 conmendavi
1517 884 1792 935 Calliclem.
1921 903 1970 943 35

216 986 321 1030 SY.
362 979 465 1029 Fac
504 996 587 1028 me
627 979 667 1027 si
707 978 805 1027 scis
845 975 1124 1036 certiorem,
1153 974 1293 1024 hisce
1329 973 1566 1022 homines
1605 972 1692 1021 ubi
1730 968 1973 1028 habitent,

505 1073 662 1130 pater.

219 1161 332 1203 CH.
375 1153 519 1215 Quid
558 1167 647 1201 eos
684 1150 916 1216 quaeris?
958 1147 1042 1198 aut
1074 1148 1186 1214 quis
1217 1147 1305 1196 es?
1347 1155 1432 1196 aut
1468 1143 1681 1194 tinde's?
1721 1151 1808 1193 aut
1838 1142 1975 1192 unde

503 1238 745 1288 advenis?

218 1335 325 1376 SY.
368 1326 569 1377 Census
610 1339 767 1389 quom
804 1340 909 1371 sum
948 1320 1152 1370 iuratori
1190 1321 1330 1370 recte
1363 1318 1612 1369 rationem
1652 1317 1782 1367 dedi.
1923 1337 1975 1377 30

218 1413 383 1462 Multa
410 1411 558 1462 simul
584 1410 765 1475 rogas:
805 1410 979 1458 nescio
1013 1407 1135 1474 quid
1165 1406 1437 1472 expediam
1464 1406 1822 1470 potissumum.
1874 1406 1975 1453 880

220 1501 272 1550 Si
311 1496 722 1563 unumquidquid
760 1495 1049 1560 singillatim
1089 1504 1137 1544 et
1176 1493 1373 1559 placide
1411 1491 1796 1558 percontabere,

218 1573 286 1636 Ιῗῖῑ
316 1602 491 1635 meum
523 1600 716 1634 nomen
748 1583 797 1632 e't
828 1599 943 1631 mea
975 1581 1106 1631 facta
1137 1590 1186 1630 et
1219 1582 1401 1630 itinera
1433 1595 1532 1644 ego
1565 1578 1683 1628 faxo
1716 1578 1861 1627 scias.
1921 1564 1978 1639 '40

222 1680 337 1723 CH.
378 1672 584 1722 Faciam
622 1671 689 1720 ita
730 1680 784 1719 ut
822 1670 924 1720 vis:
967 1668 1204 1735 agedum,
1238 1683 1432 1718 nomen
1477 1667 1701 1732 primum
1745 1679 1979 1714 memora

506 1759 650 1808 tuom
690 1758 827 1807 mihi.

221 1852 327 1895 SY.
386 1844 638 1910 Magnum
693 1844 887 1893 facinus
941 1843 1192 1907 incipissis
1248 1841 1435 1906 petere.
1512 1845 1625 1889 CH.
1682 1837 1822 1900 Quid
1875 1837 1978 1886 ita?

508 1937 614 1981 SY.
657 1931 806 1992 Quia,
841 1942 996 1995 pater,

224 2020 274 2069 Si
315 2019 431 2069 ante
471 2019 637 2068 lucem
676 2019 746 2067 ire
785 2018 939 2066 he'rcle
977 2016 1200 2080 occipias
1239 2014 1267 2064 a
1306 2031 1425 2064 meo
1463 2014 1630 2079 primo
1668 2012 1894 2071 nomine,

223 2107 547 2156 Concubium
600 2106 661 2154 sit
711 2105 876 2154 noctis
927 2105 1064 2168 prius
1117 2118 1272 2168 quam
1324 2103 1391 2152 ad
1434 2101 1754 2167 postremum
1802 2098 1979 2165 perve-

513 2193 662 2241 neris.
1876 2188 1979 2234 886

226 2287 341 2330 CH
376 2280 522 2345 Opus
548 2279 731 2329 factost
759 2276 939 2326 viatico
963 2276 1028 2326 ad
1048 2286 1191 2326 tuom
1217 2276 1425 2334 nomen,
1448 2283 1500 2323 ut
1521 2282 1574 2323 tu
1591 2272 1869 2340 praedicas.
1926 2294 1979 2335 45

225 2372 329 2415 SY.
372 2365 465 2415 Est
503 2365 846 2414 minusculum
885 2363 1098 2412 alterum
1137 2363 1280 2427 quasi
1319 2360 1578 2411 vasculum
1612 2357 1874 2409 vinarium.

228 2459 340 2501 CH.
384 2451 528 2513 Quid
560 2452 615 2500 zd
641 2459 715 2500 est
754 2451 840 2498 tibi
880 2449 1084 2510 nome'n,
1114 2449 1448 2498 adulescens?
1522 2451 1628 2495 SY.
1669 2444 1794 2506 Pax,
1827 2445 1878 2495 id
1909 2454 1986 2496 est

518 2536 712 2586 nome'n
752 2535 910 2584 mihi:
1931 2554 1988 2594 94

228 2625 350 2674 Hoc
391 2623 764 2682 cotidianumst.
843 2628 957 2671 CH.
1000 2621 1202 2687 Edepol
1242 2621 1433 2671 nomen
1471 2619 1827 2685 nugatorium:
1883 2622 1987 2669 890

230 2710 391 2773 Quasi
431 2711 584 2770 dicas,
618 2710 787 2775 siquid
826 2709 1129 2759 crediderim
1167 2709 1271 2769 tibi,
1305 2725 1406 2776 pax
1443 2709 1653 2773 periisse
1695 2707 1829 2757 ssico.
1931 2712 1988 2766 96

233 2797 445 2864 (Aside.)
487 2797 589 2846 Hic
641 2796 800 2846 homo
853 2796 1012 2845 solide
1064 2784 1443 2860 sycophantast.
1484 2791 1708 2860 (Aloud.)
1747 2791 1871 2858 quid
1916 2792 1989 2840 ais

519 2894 585 2944 tu,
619 2881 952 2933 adulescens?
1029 2887 1134 2931 SY.
1176 2880 1317 2942 Quid
1355 2882 1463 2931 est?
1934 2898 1990 2940 47

237 2976 352 3019 CH.
381 2955 648 3035 Eloquere,
670 2969 751 3019 isti
771 2969 858 3018 tsbi
879 2968 1001 3033 quid
1018 2967 1254 3017 homines
1275 2965 1463 3017 debent
1485 2982 1616 3033 quos
1636 2975 1689 3016 tu
1709 2963 1988 3032 quaeritas?
