2116 3326
237 155 310 206 40
972 145 1112 190 PLA
1129 146 1254 191 VTI
1671 158 1750 200 1v.
1774 160 1813 200 2.
1836 157 1991 201 68-88.

246 297 359 341 CH.
388 290 522 340 Vide
549 289 703 339 modo
730 288 992 338 hominem
1019 299 1074 339 ut
1101 289 1254 339 noris,
1311 296 1417 340 SY.
1447 290 1739 357 Tamquam
1765 291 1878 342 me:
1916 293 1999 341 sed

529 376 635 425 fieri
662 373 790 425 istuc
819 375 976 424 solet:

241 463 397 523 Quod
434 463 486 511 in
522 478 679 510 manu
716 460 892 511 tenetis
933 472 1084 527 atque
1125 462 1284 511 oculis
1321 462 1506 523 videas,
1539 462 1591 512 id
1629 463 1899 513 desideres·
1940 472 1994 524 69

242 549 422 598 Literis
461 548 887 597 reconminiscar:
931 547 973 597 C
1013 548 1088 596 est
1126 548 1434 613 principium
1473 548 1680 598 nomini.
1890 553 1991 598 915

245 642 359 685 GH.
388 634 606 684 Ceillias?
646 640 751 682 SY.
794 633 918 683 Non
958 633 1045 683 e'st.
1089 640 1202 683 CH.
1246 633 1539 700 Callippus?
1595 641 1700 685 SY.
1740 635 1864 685 Non
1902 644 1991 684 est.

533 726 648 770 CH.
691 719 1084 770 Callidemides?

244 814 349 858 SY.
377 807 500 856 Non
527 816 616 857 est.
659 813 772 855 CH.
803 806 1113 857 Callinicus?
1154 806 1277 856 Non
1310 815 1400 856 est.
1450 813 1564 857 CH.
1595 806 1994 857 Czillimarchus?

529 898 635 941 SY.
664 892 754 940 Nil
781 894 917 957 agis:

245 978 427 1045 Neque
453 979 582 1028 adeo
611 979 796 1043 edepol
816 978 963 1027 flocci
990 977 1136 1037 faciO,
1158 977 1366 1042 quaindo
1394 989 1598 1043 egomet
1625 979 1838 1028 memini
1856 979 1995 1029 mihi.

247 1072 361 1115 CH.
390 1052 459 1113 Ᾱῖ
486 1065 622 1113 enim
649 1064 792 1112 multi
819 1063 1092 1113 Lesbonici
1121 1062 1236 1112 sunt
1262 1063 1342 1112 hic
1365 1082 1374 1112 ε
1410 1065 1505 1112 nisi
1532 1064 1725 1114 nomen
1751 1066 1903 1130 patris
1946 1083 1998 1127 74

244 1152 413 1212 DiceS‚
442 1167 548 1200 non
580 1166 792 1216 possum
831 1152 956 1199 istos
994 1160 1277 1199 monstrare
1316 1150 1552 1200 homines
1589 1167 1719 1217 quos
1757 1161 1807 1201 tu
1842 1150 1997 1217 quae-

532 1238 664 1286 ritas,
1895 1239 1997 1287 920

248 1324 407 1385 Quod
444 1323 509 1372 ad
547 1323 920 1388 exemplumst?
960 1323 1252 1372 coniectura
1293 1323 1333 1372 si
1372 1325 1590 1389 reperire
1629 1324 1918 1389 possumus.

248 1416 353 1461 SY.
376 1398 460 1459 Ad
487 1410 584 1459 hoc
614 1410 984 1474 exemplumst:
1016 1408 1165 1459 Chair.
1210 1416 1324 1460 CH.
1354 1410 1583 1460 Chares?
1611 1426 1678 1460 an
1707 1409 1998 1460 Cheiricles?

536 1511 784 1546 numnam
813 1495 1148 1545 Chzirmides?

252 1590 359 1633 SY.
400 1584 555 1643 Hem,

251 1658 372 1720 I'stic
400 1672 515 1721 erit:
545 1672 630 1737 qui
649 1668 801 1719 istum
821 1669 869 1718 di
889 1670 1117 1735 perdant.
1149 1675 1261 1719 CH.
1284 1669 1404 1718 Dixi
1425 1685 1524 1734 ego
1546 1669 1647 1718 iam
1670 1668 1862 1720 dudum
1883 1670 2001 1720 tibi:

251 1758 391 1807 Bene
418 1766 465 1806 te
493 1758 661 1822 potius
689 1757 856 1806 dicere
885 1766 1153 1822 aequomst
1179 1757 1373 1805 homini
1399 1758 1564 1806 amico
1593 1756 1746 1823 quzim
1773 1757 1918 1806 male.
1951 1775 2001 1818 79

254 1843 359 1893 SY.
390 1843 529 1893 Seitin
550 1845 677 1893 inter
698 1843 835 1892 labra
855 1843 1007 1908 zitque
1035 1843 1198 1892 dentis
1218 1843 1359 1892 leituit
1380 1843 1870 1909 virminumi-rpreti?
1900 1847 2001 1894 925

254 1937 367 1980 CH.
399 1930 478 1979 Ne
523 1930 654 1979 male
698 1931 906 1995 loquere
948 1929 1143 1979 abse'nti
1188 1931 1370 1980 amico,
1433 1935 1540 1980 SY.
1569 1929 1710 1991 Quid
1753 1930 1835 1980 ille
1880 1945 2004 1995 ergo

540 2018 912 2081 ignavissumus

255 2104 508 2153 Leititabat
546 2103 702 2153 mihi?
744 2109 859 2152 CH.
889 2103 940 2152 Si
980 2103 1301 2168 §dpellasseffi
1330 2103 1676 2169 respondisset
1714 2102 1923 2152 nomini.

258 2190 358 2240 Sed
394 2191 479 2240 ubi
517 2191 704 2255 ipsest?
745 2196 849 2239 SY.
878 2190 971 2240 Pol
1009 2188 1149 2239 illum
1186 2191 1364 2256 reliqui
1403 2190 1468 2240 ad
1507 2189 1917 2239 Rhadamantem
1955 2189 2008 2238 in

543 2276 807 2342 Cercopia.

258 2369 373 2412 CH.
403 2362 614 2430 (Aside.)
655 2362 786 2425 Quis
824 2363 1031 2414 homost
1062 2381 1144 2414 me
1182 2363 1499 2430 insipientior
1530 2363 1616 2429 qui
1654 2364 1762 2429 ipse
1803 2362 2008 2428 egomet

548 2451 633 2498 ubi
662 2450 756 2498 sim
785 2450 1097 2516 quaeritem?
1953 2459 2009 2512 84

263 2534 363 2584 Se'd
404 2535 472 2584 nil
514 2535 832 2586 disconducit
873 2536 987 2586 huic
1027 2538 1112 2587 rei.
1153 2535 1373 2605 (Aloud.>
1413 2536 1537 2602 quid
1582 2536 1688 2586 ais?
1746 2536 1866 2602 quid
1907 2535 2007 2586 hoc

551 2622 691 2688 quod
716 2621 765 2671 te'
797 2624 959 2687 rogo?
1905 2626 2007 2672 930

265 2708 412 2766 Quos
450 2708 592 2758 locos
631 2709 814 2758 adisti?
854 2715 960 2760 SY.
989 2710 1220 2760 Nimium
1259 2710 1542 2760 mirimodis
1582 2708 1840 2759 mirabilis.

266 2801 381 2843 CH.
409 2793 575 2844 Lubet
603 2795 790 2855 audire,
810 2797 904 2844 nisi
933 2797 1264 2847 molestumst.
1291 2802 1396 2846 SY.
1418 2796 1558 2857 Quin
1579 2795 1809 2861 discupio
1828 2795 2008 2845 dicere.

265 2867 510 2931 Omnium
555 2883 776 2946 primum
821 2882 871 2930 in
917 2882 1139 2933 Pontum
1185 2884 1378 2934 advecti
1429 2883 1494 2932 ad
1532 2870 1778 2933 Arabiam
1825 2879 2011 2932 terram

552 2985 738 3018 sumus
