2068 3310
119 151 153 190 1.
177 151 217 191 2.
243 163 366 206 2—32.
763 149 1219 203 TRINVMMVS.
1828 171 1861 228 5

113 284 272 348 onr,
299 303 536 338 venerare
573 299 627 340 ut
665 292 813 343 nobis
851 295 977 346 haee
1016 298 1258 351 habitatio
1796 313 1859 358 40

113 371 261 422 Bona
296 371 460 424 fausta
498 375 614 425 felix
652 378 1005 447 fortunataque
1045 384 1294 436 evenat—
1888 378 1894 383 .

927 468 1011 535 (T
1001 474 1186 537 urnz'ng
1217 478 1510 542 awcgysrom
1539 480 1613 527 tlze
1639 479 1788 547 door.)

112 543 294 610 Teque
332 544 386 595 lit
423 563 577 612 quam
615 552 837 615 primum
875 556 1070 620 possim
1109 559 1307 609 videam
1348 564 1642 614 emortuam.

110 636 233 680 ME.
273 629 486 701 (Aside.)
526 635 629 686 Hic
665 638 793 689 illest
832 652 1037 692 senecta
1076 645 1238 695 aetate
1278 649 1362 712 qui
1402 649 1583 700 factust
1622 669 1759 717 puer,
1834 676 1855 715 5

110 715 213 777 Qui
252 719 454 770 admisit
490 722 542 771 in
582 740 635 772 se
675 724 877 790 culpam
919 731 1281 794 castigabilem.

107 803 388 868 Adgrediar
413 807 692 860 hominem.
724 817 832 862 CA.
864 815 1034 876 Quoia
1054 817 1134 866 hie
1156 834 1252 868 vox
1279 836 1441 885 prope
1469 823 1550 872 me
1579 828 1761 876 sonat?
1791 832 1854 876 45

107 895 230 940 ME.
273 891 376 942 Tui
413 895 777 959 benevolentis,
807 901 850 950 si
886 901 996 951 ita’s
1024 913 1078 952 ut
1117 920 1214 968 ego
1253 906 1299 954 te
1340 908 1484 956 volo:

109 976 198 1025 Sin
236 977 376 1029 aliter
415 997 484 1042 es,
511 984 701 1034 inimici
740 996 890 1052 atque
930 990 1042 1038 irati
1078 991 1183 1040 tibi.

107 1069 216 1113 CA.
257 1064 304 1115 O
344 1069 524 1128 amice,
554 1071 698 1121 salve.
742 1069 916 1141 [atque
956 1078 1193 1141 aequalis.
1236 1089 1292 1128 ut
1330 1081 1479 1141 vales,

105 1149 468 1215 Megaronides
486 1151 527 1225 ?]
567 1163 694 1207 ME.
734 1158 799 1209 Et
838 1170 891 1209 tu
931 1161 1111 1228 edepol
1155 1166 1302 1225 salve,
1333 1166 1581 1219 Callicles,
1806 1194 1855 1221 10

103 1234 304 1286 Vale'n?
343 1241 610 1293 valuistin?
653 1251 759 1294 CA.
803 1246 965 1298 Valeo
1006 1261 1054 1298 et
1093 1251 1222 1300 valui
1261 1252 1459 1304 re'ctius.
1789 1264 1853 1308 50

101 1326 224 1371 ME.
247 1323 385 1385 Quid
411 1326 498 1377 tua
524 1331 626 1394 agit
653 1334 813 1381 uxor?
853 1332 907 1382 rit
933 1335 1094 1385 valet?
1137 1343 1242 1386 CA.
1269 1338 1386 1388 Plus
1414 1356 1568 1404 quam
1597 1341 1693 1407 ego
1722 1345 1850 1394 volo.

100 1413 224 1458 ME.
264 1411 403 1462 Bene
442 1414 653 1465 herclest
691 1418 825 1467 illam
862 1422 950 1469 tibi
988 1423 1150 1471 valere
1191 1432 1238 1472 et
1276 1426 1454 1474 vivere.

101 1500 210 1544 CA.
251 1497 420 1549 Credo
457 1501 623 1551 hercle
663 1512 711 1552 te
749 1506 985 1570 gaudere,
1016 1510 1181 1573 siquid
1218 1511 1345 1559 mihi
1382 1512 1559 1562 malist.
1786 1538 1846 1575 ·1.=

99 1587 222 1631 ME.
265 1583 520 1636 Omnibus
560 1591 735 1639 amieis
776 1593 915 1656 quod
954 1595 1124 1644 mihist
1164 1598 1314 1661 cupio
1356 1598 1467 1647 esse
1506 1601 1655 1649 idem.

101 1674 209 1718 CA.
249 1669 363 1720 Eho
403 1671 469 1732 tii,
498 1683 583 1723 tua
621 1691 749 1725 uxor
789 1679 910 1742 quid
950 1682 1087 1745 agit?
1126 1688 1251 1732 ME.
1293 1684 1584 1736 inmortalis
1624 1698 1728 1737 est:
1784 1694 1846 1738 55

98 1753 238 1804 Vivit
274 1757 625 1824 victuraquest.
668 1769 776 1812 CA.
817 1764 957 1816 Bene
996 1767 1161 1817 hercle
1200 1768 1418 1830 nuntias,

96 1841 339 1908 Deosque
378 1845 468 1895 oro
507 1857 561 1896 ut
598 1849 727 1899 vitae
766 1851 881 1901 tuae
922 1865 1173 1918 superstes
1214 1854 1465 1921 stippetat.

95 1934 219 1979 ME.
258 1931 396 1981 Dum
437 1934 644 1999 quidem
684 1937 851 1987 he'rele
890 1948 1057 1990 tecum
1097 1939 1256 2007 nupta
1295 1945 1369 2003 sit,
1403 1945 1524 1999 sane
1564 1947 1725 1996 velim.
1795 1970 1845 1996 20

97 2021 205 2065 CA.
245 2017 350 2067 Vin
387 2020 779 2073 conmutemus?
818 2023 957 2074 tuam
996 2044 1093 2091 ego
1135 2028 1318 2078 ducam
1358 2040 1405 2079 et
1445 2030 1497 2080 tii
1537 2036 1738 2082 meam?

93 2101 234 2152 Faxo
272 2104 375 2154 hali
412 2108 662 2157 tantillum
703 2110 898 2161 dederis
937 2113 1204 2163 verborum
1243 2117 1379 2165 mihi.
1778 2126 1842 2170 60

93 2193 216 2239 ΜΕ.
258 2190 497 2259 Namque
536 2194 672 2244 e'nirn
711 2206 778 2257 tu,
808 2200 974 2260 eredo,
1004 2217 1086 2250 me
1127 2203 1482 2266 inprudentem
1523 2206 1821 2271 obrepseris.

94 2282 203 2326 CA.
245 2278 326 2328 Ne
364 2287 419 2328 tu
456 2279 619 2331 hercle
657 2282 776 2332 faxo
815 2285 916 2335 hau
955 2287 1152 2339 nescias
1191 2306 1343 2355 quam
1381 2308 1487 2341 rem
1527 2291 1700 2356 egeris.

91 2368 215 2412 ME.
257 2365 470 2416 Habeas
507 2377 563 2416 ut
601 2372 861 2420 nanetu's:
892 2373 1014 2423 nota
1052 2376 1184 2424 mala
1221 2393 1300 2426 res
1339 2377 1608 2442 optumast.
1788 2403 1835 2442 25

92 2447 228 2499 Nam
266 2467 364 2516 ego
403 2452 541 2504 minc
582 2458 622 2506 si
662 2459 892 2522 ignotam
925 2444 1145 2526 papiam,
1175 2463 1295 2527 quid
1335 2480 1483 2529 agam
1523 2465 1760 2517 nesciam.

92 2542 201 2585 CA.
239 2536 440 2604 Edepol
478 2543 694 2606 proinde
733 2555 785 2594 ut
823 2547 955 2596 bene
994 2548 1183 2610 vivitur,
1213 2550 1297 2599 diu
1336 2552 1525 2601 vivitur.
1771 2561 1834 2604 65

89 2627 213 2671 ME.
255 2623 357 2674 Sed
392 2626 492 2677 hoc
530 2628 759 2680 animum
799 2633 1006 2683 advorte
1046 2645 1195 2700 atque
1235 2635 1371 2686 alifer
1409 2639 1704 2689 ridicularia.
1751 2658 1761 2663 “

83 2703 227 2757 'Nam
264 2726 362 2775 ego
402 2713 570 2765 dedita
608 2733 764 2782 opera
803 2719 1005 2781 hue-ad
1044 2731 1091 2769 te
1131 2723 1290 2772 venio.
1333 2730 1440 2772 CA.
1483 2725 1622 2785 Quid
1660 2728 1837 2777 venis?—

86 2780 211 2844 ME.
252 2796 403 2848 Malis
441 2809 490 2850 te
527 2813 582 2852 ut
619 2806 782 2854 verbis
821 2804 988 2856 multis
1027 2809 1241 2857 multum
1280 2809 1600 2876 obiurgitem.
1713 2827 1718 2832 ·
1778 2835 1834 2873 30

32 2940 35 2941 ⁷
88 2887 197 2930 CA.
238 2882 397 2934 Men?
435 2893 562 2938 ME.
586 2889 841 2956 Niimquis
869 2902 944 2942 est
975 2893 1055 2943 hie
1084 2894 1209 2945 alius
1237 2906 1434 2959 praeter
1462 2915 1544 2948 me
1572 2898 1722 2963 atque
1750 2902 1834 2949 te?

89 2974 197 3019 CA.
238 2969 471 3024 Nemost.
513 2981 637 3026 ME.
679 2976 818 3038 Quid
853 2988 905 3028 tu
940 2980 1087 3045 igitur
1122 2980 1311 3045 rogitas
1347 2992 1462 3032 tene
1496 2983 1832 3049 obiurgitern?
