2068 3310
113 167 198 210 111.
219 168 259 209 1.
280 167 416 220 17-2.
440 165 478 207 8.
768 150 1224 198 TRJNVMMVS.
1784 150 1852 206 27

110 283 322 350 Vtinam
348 307 396 348 te
426 297 617 348 redisse
657 296 848 347 salvom
885 295 1100 356 videam,
1129 302 1184 343 ut
1220 291 1454 342 inimicos
1493 299 1608 340 tuos

109 368 369 437 Vlciscare
406 395 456 435 et
493 384 631 444 mshi,
657 392 712 433 ut
750 398 870 447 erga
907 391 955 432 te
994 382 1066 430 fui
1104 380 1152 431 et
1191 396 1318 439 sum,
1350 378 1535 428 referas
1574 374 1799 442 gratiam.

110 472 342 523 Nimium
379 470 623 522 difficilest
657 469 860 534 reperiri
898 468 1119 518 amicum
1150 467 1217 516 ita
1251 475 1306 516 ut
1343 463 1534 514 nomen
1569 463 1714 521 cluet,
1756 465 1856 511 620

111 560 254 621 Quoi
278 568 418 609 tuam
445 573 603 623 quom
631 572 739 605 rem
766 554 1050 615 credideris,
1080 554 1185 602 sine
1213 552 1355 602 omni
1381 567 1500 601 cura
1528 549 1763 598 dormias.
1806 568 1859 596 20

113 645 215 696 Sed
251 660 498 711 generum
535 651 766 692 nostrum
805 642 875 690 ire
914 640 1146 690 eccillum
1171 638 1320 688 video
1361 653 1478 687 cum
1518 635 1675 685 adfini
1713 649 1821 683 suo.

111 729 464 795 Nescio-quid
502 745 609 779 non
649 727 768 778 satis
805 727 934 776 inter
973 741 1062 775 eos
1101 724 1368 774 convenit:
1412 722 1562 772 celeri
1600 720 1761 785 gradu

110 815 249 867 Eunt
285 825 526 882 uterque:
567 813 647 863 ille'
685 812 1011 879 reprehendit
1049 810 1184 860 hunc
1222 811 1445 876 priorem
1482 807 1671 873 pallio:

109 901 268 954 Haud
329 903 376 954 ei
438 901 710 951 euscheme
773 899 1049 950 astiterunt.
1112 895 1212 947 huc
1283 897 1596 962 aliquantum
1659 891 1859 942 absces-

393 1004 538 1038 sero:
1757 981 1858 1029 625

110 1062 204 1128 Est
241 1076 414 1127 lubido
453 1075 735 1126 orationem
774 1074 949 1124 audire
989 1072 1205 1122 duorum
1245 1070 1509 1120 adfinium.
1808 1087 1856 1128 25

807 1160 1026 1229 (Relz'res
1065 1166 1107 1208 lo
1132 1159 1206 1208 llze
1232 1156 1346 1207 back
1372 1159 1435 1223 os
1448 1157 1522 1205 llze
1547 1151 1718 1220 sfage.)

897 1519 994 1570 SC.
1024 1521 1070 1568 2.

293 1669 710 1715 LYSITELES.
776 1666 1248 1711 LESBONICVS.
1313 1664 1685 1709 STASIMVS.

399 1804 581 1873 (Enler
616 1804 922 1865 Lesbonicus,
940 1805 1184 1869 followed
1218 1803 1273 1867 {y
1303 1798 1571 1867 Lysiteles.)

114 1929 229 1974 LY.
272 1922 359 1972 Sta
397 1923 541 1971 ssico:
580 1921 684 1971 noli
716 1920 936 1971 avorsari
974 1919 1140 1986 neque
1179 1928 1228 1969 te
1268 1918 1564 1969 occultassis
1602 1915 1741 1966 mihi.

114 2016 222 2060 LE.
262 2008 410 2058 Potin
448 2018 502 2058 ut
539 2025 621 2057 me
659 2010 729 2058 ire
769 2008 870 2074 quo
910 2007 1165 2073 profectus
1211 2004 1324 2055 sum
1363 2006 1532 2055 sinas?
1570 2008 1692 2053 LY.
1717 2002 1768 2052 Si
1808 2001 1858 2050 in

394 2093 504 2146 rem
527 2103 682 2156 tuam,
1759 2102 1761 2104 ’

113 2181 415 2243 Le'sbonice,
444 2181 553 2231 esse
591 2182 830 2241 videatur,
858 2180 1046 2246 gloriae
1085 2188 1169 2229 aut
1206 2176 1385 2238 famae,
1415 2177 1594 2227 sinam.

113 2273 220 2318 LE.
260 2267 417 2330 Quod
462 2278 536 2318 est
586 2265 896 2318 facillumum
943 2267 1079 2317 faciS.
1143 2271 1259 2315 LY.
1293 2263 1432 2326 Quid
1480 2263 1533 2312 id
1576 2261 1686 2313 est?
1747 2266 1857 2310 LE.

397 2356 581 2404 Amico
608 2353 854 2404 iniuriam.
1752 2351 1855 2397 630

114 2446 227 2490 LY.
251 2440 433 2508 Neque
461 2452 681 2503 meumst
708 2414 876 2508 neque
904 2439 1068 2491 facere
1095 2439 1258 2504 didici.
1298 2443 1406 2487 LE.
1430 2435 1675 2486 Indoctus
1703 2449 1858 2499 quam

396 2529 546 2579 docte'
573 2529 710 2580 facis,
1830 2542 1853 2583 5

115 2610 255 2673 Quid
291 2612 495 2676 facereS‚
535 2616 692 2681 siquis
732 2615 987 2666 docuisset
1024 2622 1073 2664 te
1110 2611 1164 2663 ut
1202 2612 1272 2663 sic
1312 2610 1429 2660 odio
1470 2608 1606 2659 esses
1644 2608 1807 2657 mihi?

115 2697 222 2760 Qui
276 2700 397 2751 mihi
450 2703 582 2751 bene
640 2718 796 2769 quom
854 2701 1060 2751 simulas
1116 2700 1294 2756 facere,
1341 2696 1472 2746 male
1536 2695 1673 2755 facis,
1724 2693 1855 2743 male

60 2832 64 2833 ⁷
395 2787 628 2840 consulis,

0 2907 3 2918 Α
111 2856 466 2938 LY.F‚gone?
504 2881 612 2924 LE.
643 2875 727 2924 Tu
762 2891 842 2924 ne.
880 2880 996 2923 LY.
1019 2873 1159 2935 Quid
1197 2871 1328 2921 male
1361 2870 1527 2920 facio?
1565 2875 1674 2918 LE.
1697 2867 1855 2929 Quod

397 2975 495 3025 ego
521 2961 642 3011 nolo
669 2961 720 3010 id
746 2961 903 3027 quom
930 2961 1066 3011 facis.
