<?xml version="1.0" encoding="UTF-8"?>
<!DOCTYPE html PUBLIC "-//W3C//DTD XHTML 1.0 Transitional//EN"
    "http://www.w3.org/TR/xhtml1/DTD/xhtml1-transitional.dtd">
<html xmlns="http://www.w3.org/1999/xhtml" xml:lang="en" lang="en">
 <head>
  <title>
</title>
<meta http-equiv="Content-Type" content="text/html;charset=utf-8" />
  <meta name='ocr-system' content='tesseract 3.04.00' />
  <meta name='ocr-capabilities' content='ocr_page ocr_carea ocr_par ocr_line ocrx_word'/>
</head>
<body>
  <div class='ocr_page' id='page_1' title='image "./trinummus1883plauuoft_0070.png"; bbox 0 0 2116 3326; ppageno 0'>
   <div class='ocr_carea' id='block_1_1' title="bbox 196 150 1952 213">
    <p class='ocr_par' dir='ltr' id='par_1_1' title="bbox 196 150 1952 213">
     <span class='ocr_line' id='line_1_1' title="bbox 196 150 1952 213; baseline 0.006 -22"><span class='ocrx_word' id='word_1_1' title='bbox 196 162 269 213; x_wconf 83' lang='lat'>42</span> <span class='ocrx_word' id='word_1_2' title='bbox 939 150 1080 196; x_wconf 80' lang='lat' dir='ltr'>PLA</span> <span class='ocrx_word' id='word_1_3' title='bbox 1098 150 1221 195; x_wconf 81' lang='lat' dir='ltr'>VTJ</span> <span class='ocrx_word' id='word_1_4' title='bbox 1574 159 1653 201; x_wconf 90' lang='lat' dir='ltr'>IV.</span> <span class='ocrx_word' id='word_1_5' title='bbox 1677 160 1717 200; x_wconf 81' lang='lat'>2.</span> <span class='ocrx_word' id='word_1_6' title='bbox 1743 168 1952 212; x_wconf 81' lang='lat'>110—127.</span> 
     </span>
    </p>
   </div>
   <div class='ocr_carea' id='block_1_2' title="bbox 195 290 1953 705">
    <p class='ocr_par' dir='ltr' id='par_1_2' title="bbox 196 290 1951 357">
     <span class='ocr_line' id='line_1_2' title="bbox 196 290 1951 357; baseline -0.002 -12"><span class='ocrx_word' id='word_1_7' title='bbox 196 296 480 346; x_wconf 72' lang='lat' dir='ltr'>Ndverisne</span> <span class='ocrx_word' id='word_1_8' title='bbox 524 293 822 344; x_wconf 75' lang='lat' dir='ltr'>hominem?</span> <span class='ocrx_word' id='word_1_9' title='bbox 875 300 981 343; x_wconf 87' lang='lat' dir='ltr'>SY.</span> <span class='ocrx_word' id='word_1_10' title='bbox 1009 293 1090 343; x_wconf 93' lang='lat' dir='ltr'>Ne</span> <span class='ocrx_word' id='word_1_11' title='bbox 1136 302 1189 343; x_wconf 84' lang='lat' dir='ltr'>tu</span> <span class='ocrx_word' id='word_1_12' title='bbox 1236 292 1420 357; x_wconf 83' lang='lat' dir='ltr'>edepol</span> <span class='ocrx_word' id='word_1_13' title='bbox 1460 307 1542 341; x_wconf 89' lang='lat' dir='ltr'>me</span> <span class='ocrx_word' id='word_1_14' title='bbox 1587 290 1826 341; x_wconf 61' lang='lat' dir='ltr'>§.rbitrare</span> <span class='ocrx_word' id='word_1_15' title='bbox 1865 291 1951 341; x_wconf 75' lang='lat' dir='ltr'>be-</span> 
     </span>
    </p>

    <p class='ocr_par' dir='ltr' id='par_1_3' title="bbox 195 382 1953 705">
     <span class='ocr_line' id='line_1_3' title="bbox 482 382 1952 441; baseline -0.001 -12"><span class='ocrx_word' id='word_1_16' title='bbox 482 382 632 441; x_wconf 77' lang='lat' dir='ltr'>luam,</span> <span class='ocrx_word' id='word_1_17' title='bbox 1874 399 1952 427; x_wconf 82' lang='lat'>110</span> 
     </span>
     <span class='ocr_line' id='line_1_4' title="bbox 199 462 1950 533; baseline -0.002 -16"><span class='ocrx_word' id='word_1_18' title='bbox 199 467 303 529; x_wconf 76' lang='lat' dir='ltr'>Qui</span> <span class='ocrx_word' id='word_1_19' title='bbox 337 469 544 533; x_wconf 88' lang='lat' dir='ltr'>quidem</span> <span class='ocrx_word' id='word_1_20' title='bbox 579 484 687 517; x_wconf 91' lang='lat' dir='ltr'>non</span> <span class='ocrx_word' id='word_1_21' title='bbox 714 468 915 517; x_wconf 71' lang='lat' dir='ltr'>novisse</span> <span class='ocrx_word' id='word_1_22' title='bbox 952 467 1145 533; x_wconf 87' lang='lat' dir='ltr'>possim</span> <span class='ocrx_word' id='word_1_23' title='bbox 1182 466 1390 531; x_wconf 79' lang='lat' dir='ltr'>quicum</span> <span class='ocrx_word' id='word_1_24' title='bbox 1425 472 1643 513; x_wconf 80' lang='lat' dir='ltr'>aetatem</span> <span class='ocrx_word' id='word_1_25' title='bbox 1676 462 1950 528; x_wconf 84' lang='lat' dir='ltr'>exe&#39;gerim.</span> 
     </span>
     <span class='ocr_line' id='line_1_5' title="bbox 196 542 1953 617; baseline -0.002 -15"><span class='ocrx_word' id='word_1_26' title='bbox 196 542 282 603; x_wconf 76' lang='grc' dir='ltr'>Ᾰη</span> <span class='ocrx_word' id='word_1_27' title='bbox 319 555 398 602; x_wconf 84' lang='lat' dir='ltr'>ille</span> <span class='ocrx_word' id='word_1_28' title='bbox 434 563 539 602; x_wconf 79' lang='lat' dir='ltr'>tam</span> <span class='ocrx_word' id='word_1_29' title='bbox 577 562 708 602; x_wconf 88' lang='lat' dir='ltr'>esset</span> <span class='ocrx_word' id='word_1_30' title='bbox 747 552 926 604; x_wconf 76' lang='lat' dir='ltr'>stliltus</span> <span class='ocrx_word' id='word_1_31' title='bbox 964 553 1088 602; x_wconf 85' lang='lat' dir='ltr'>mihi</span> <span class='ocrx_word' id='word_1_32' title='bbox 1127 553 1212 617; x_wconf 84' lang='lat' dir='ltr'>qui</span> <span class='ocrx_word' id='word_1_33' title='bbox 1251 551 1387 600; x_wconf 87' lang='lat' dir='ltr'>mssle</span> <span class='ocrx_word' id='word_1_34' title='bbox 1426 565 1695 598; x_wconf 90' lang='lat' dir='ltr'>nummum</span> <span class='ocrx_word' id='word_1_35' title='bbox 1728 548 1953 599; x_wconf 79' lang='lat' dir='ltr'>crederet</span> 
     </span>
     <span class='ocr_line' id='line_1_6' title="bbox 195 634 1953 705; baseline -0.002 -16"><span class='ocrx_word' id='word_1_36' title='bbox 195 641 503 705; x_wconf 78' lang='lat' dir='ltr'>Philippum,</span> <span class='ocrx_word' id='word_1_37' title='bbox 564 639 704 704; x_wconf 88' lang='lat' dir='ltr'>quod</span> <span class='ocrx_word' id='word_1_38' title='bbox 766 656 849 690; x_wconf 95' lang='lat' dir='ltr'>me</span> <span class='ocrx_word' id='word_1_39' title='bbox 913 637 1092 690; x_wconf 71' lang='lat' dir='ltr'>aurfim</span> <span class='ocrx_word' id='word_1_40' title='bbox 1156 637 1347 687; x_wconf 90' lang='lat' dir='ltr'>deferre</span> <span class='ocrx_word' id='word_1_41' title='bbox 1410 635 1550 686; x_wconf 71' lang='lat' dir='ltr'>ifissit</span> <span class='ocrx_word' id='word_1_42' title='bbox 1612 637 1678 686; x_wconf 81' lang='lat' dir='ltr'>ad</span> <span class='ocrx_word' id='word_1_43' title='bbox 1739 634 1953 702; x_wconf 74' lang='lat' dir='ltr'>gnatlim</span> 
     </span>
    </p>
   </div>
   <div class='ocr_carea' id='block_1_3' title="bbox 196 727 1954 1138">
    <p class='ocr_par' dir='ltr' id='par_1_4' title="bbox 196 727 1954 1138">
     <span class='ocr_line' id='line_1_7' title="bbox 482 727 1951 775; baseline -0.001 -1"><span class='ocrx_word' id='word_1_44' title='bbox 482 741 630 775; x_wconf 85' lang='lat' dir='ltr'>suom</span> <span class='ocrx_word' id='word_1_45' title='bbox 1849 727 1951 772; x_wconf 85' lang='lat'>955</span> 
     </span>
     <span class='ocr_line' id='line_1_8' title="bbox 196 801 1952 878; baseline -0.001 -17"><span class='ocrx_word' id='word_1_46' title='bbox 196 801 365 878; x_wconf 64' lang='lat' dir='ltr'>Atque</span> <span class='ocrx_word' id='word_1_47' title='bbox 404 813 469 862; x_wconf 79' lang='lat' dir='ltr'>ad</span> <span class='ocrx_word' id='word_1_48' title='bbox 507 813 729 862; x_wconf 82' lang='lat' dir='ltr'>amicum</span> <span class='ocrx_word' id='word_1_49' title='bbox 770 812 1043 873; x_wconf 66' lang='lat' dir='ltr'>Cassliclem,</span> <span class='ocrx_word' id='word_1_50' title='bbox 1072 812 1193 877; x_wconf 87' lang='lat' dir='ltr'>quoi</span> <span class='ocrx_word' id='word_1_51' title='bbox 1231 826 1339 860; x_wconf 87' lang='lat' dir='ltr'>rem</span> <span class='ocrx_word' id='word_1_52' title='bbox 1378 810 1513 859; x_wconf 77' lang='lat' dir='ltr'>aibat</span> <span class='ocrx_word' id='word_1_53' title='bbox 1550 808 1823 859; x_wconf 80' lang='lat' dir='ltr'>mandasse</span> <span class='ocrx_word' id='word_1_54' title='bbox 1868 809 1952 859; x_wconf 75' lang='lat' dir='ltr'>hic</span> 
     </span>
     <span class='ocr_line' id='line_1_9' title="bbox 483 902 662 949; baseline 0.006 -1"><span class='ocrx_word' id='word_1_55' title='bbox 483 902 662 949; x_wconf 81' lang='lat' dir='ltr'>suam?</span> 
     </span>
     <span class='ocr_line' id='line_1_10' title="bbox 196 981 1954 1049; baseline -0.003 -14"><span class='ocrx_word' id='word_1_56' title='bbox 196 985 364 1035; x_wconf 76' lang='lat' dir='ltr'>Mihin</span> <span class='ocrx_word' id='word_1_57' title='bbox 410 985 754 1047; x_wconf 78' lang='lat' dir='ltr'>concrederet,</span> <span class='ocrx_word' id='word_1_58' title='bbox 796 987 847 1035; x_wconf 90' lang='lat' dir='ltr'>ni</span> <span class='ocrx_word' id='word_1_59' title='bbox 892 1003 975 1036; x_wconf 92' lang='lat' dir='ltr'>me</span> <span class='ocrx_word' id='word_1_60' title='bbox 1021 985 1101 1035; x_wconf 86' lang='lat' dir='ltr'>ille</span> <span class='ocrx_word' id='word_1_61' title='bbox 1148 995 1195 1034; x_wconf 83' lang='lat' dir='ltr'>et</span> <span class='ocrx_word' id='word_1_62' title='bbox 1242 983 1340 1049; x_wconf 85' lang='lat' dir='ltr'>e&#39;go</span> <span class='ocrx_word' id='word_1_63' title='bbox 1387 983 1529 1032; x_wconf 88' lang='lat' dir='ltr'>illum</span> <span class='ocrx_word' id='word_1_64' title='bbox 1568 983 1826 1032; x_wconf 79' lang='lat' dir='ltr'>novissem</span> <span class='ocrx_word' id='word_1_65' title='bbox 1863 981 1954 1031; x_wconf 64' lang='lat' dir='ltr'>aid-</span> 
     </span>
     <span class='ocr_line' id='line_1_11' title="bbox 484 1074 1950 1138; baseline -0.003 -16"><span class='ocrx_word' id='word_1_66' title='bbox 484 1074 681 1138; x_wconf 84' lang='lat' dir='ltr'>probe?</span> <span class='ocrx_word' id='word_1_67' title='bbox 1873 1089 1950 1130; x_wconf 83' lang='lat'>115</span> 
     </span>
    </p>
   </div>
   <div class='ocr_carea' id='block_1_4' title="bbox 195 1145 1954 1660">
    <p class='ocr_par' dir='ltr' id='par_1_5' title="bbox 198 1145 1953 1312">
     <span class='ocr_line' id='line_1_12' title="bbox 198 1145 1953 1227; baseline -0.003 -17"><span class='ocrx_word' id='word_1_68' title='bbox 198 1167 312 1210; x_wconf 83' lang='lat' dir='ltr'>CH.</span> <span class='ocrx_word' id='word_1_69' title='bbox 343 1158 550 1227; x_wconf 79' lang='lat' dir='ltr'>(Aside.)</span> <span class='ocrx_word' id='word_1_70' title='bbox 595 1145 871 1209; x_wconf 70' lang='lat' dir='ltr'>Enimvero</span> <span class='ocrx_word' id='word_1_71' title='bbox 916 1176 1015 1224; x_wconf 83' lang='lat' dir='ltr'>ego</span> <span class='ocrx_word' id='word_1_72' title='bbox 1066 1175 1202 1209; x_wconf 91' lang='lat' dir='ltr'>nunc</span> <span class='ocrx_word' id='word_1_73' title='bbox 1248 1157 1594 1223; x_wconf 55' lang='lat' dir='ltr'>sycophantae</span> <span class='ocrx_word' id='word_1_74' title='bbox 1644 1156 1761 1206; x_wconf 87' lang='lat' dir='ltr'>huic</span> <span class='ocrx_word' id='word_1_75' title='bbox 1807 1157 1953 1221; x_wconf 54' lang='lat' dir='ltr'>s5co-</span> 
     </span>
     <span class='ocr_line' id='line_1_13' title="bbox 481 1247 874 1312; baseline 0.003 -17"><span class='ocrx_word' id='word_1_76' title='bbox 481 1247 717 1312; x_wconf 78' lang='lat' dir='ltr'>phantari</span> <span class='ocrx_word' id='word_1_77' title='bbox 743 1247 874 1308; x_wconf 78' lang='lat' dir='ltr'>volo,</span> 
     </span>
    </p>

    <p class='ocr_par' dir='ltr' id='par_1_6' title="bbox 199 1330 1953 1481">
     <span class='ocr_line' id='line_1_14' title="bbox 199 1330 1953 1398; baseline -0.002 -16"><span class='ocrx_word' id='word_1_78' title='bbox 199 1333 249 1382; x_wconf 89' lang='lat' dir='ltr'>Si</span> <span class='ocrx_word' id='word_1_79' title='bbox 301 1332 436 1383; x_wconf 70' lang='lat' dir='ltr'>hlinc</span> <span class='ocrx_word' id='word_1_80' title='bbox 487 1349 700 1398; x_wconf 87' lang='lat' dir='ltr'>possum</span> <span class='ocrx_word' id='word_1_81' title='bbox 746 1334 830 1382; x_wconf 85' lang='lat' dir='ltr'>illo</span> <span class='ocrx_word' id='word_1_82' title='bbox 882 1333 1017 1382; x_wconf 87' lang='lat' dir='ltr'>mssle</span> <span class='ocrx_word' id='word_1_83' title='bbox 1072 1348 1341 1382; x_wconf 89' lang='lat' dir='ltr'>nummum</span> <span class='ocrx_word' id='word_1_84' title='bbox 1394 1331 1686 1396; x_wconf 81' lang='lat' dir='ltr'>Philippum</span> <span class='ocrx_word' id='word_1_85' title='bbox 1738 1330 1953 1381; x_wconf 88' lang='lat' dir='ltr'>circum-</span> 
     </span>
     <span class='ocr_line' id='line_1_15' title="bbox 484 1418 683 1481; baseline 0 -12"><span class='ocrx_word' id='word_1_86' title='bbox 484 1418 683 1481; x_wconf 69' lang='lat' dir='ltr'>dlicere,</span> 
     </span>
    </p>

    <p class='ocr_par' dir='ltr' id='par_1_7' title="bbox 197 1501 1953 1570">
     <span class='ocr_line' id='line_1_16' title="bbox 197 1501 1953 1570; baseline -0.002 -14"><span class='ocrx_word' id='word_1_87' title='bbox 197 1507 355 1568; x_wconf 73' lang='lat' dir='ltr'>Qudd</span> <span class='ocrx_word' id='word_1_88' title='bbox 391 1507 483 1556; x_wconf 84' lang='lat' dir='ltr'>sibi</span> <span class='ocrx_word' id='word_1_89' title='bbox 519 1523 601 1556; x_wconf 91' lang='lat' dir='ltr'>me</span> <span class='ocrx_word' id='word_1_90' title='bbox 638 1506 839 1555; x_wconf 75' lang='lat' dir='ltr'>dedisse</span> <span class='ocrx_word' id='word_1_91' title='bbox 876 1506 1012 1555; x_wconf 78' lang='lat' dir='ltr'>dixit.</span> <span class='ocrx_word' id='word_1_92' title='bbox 1043 1521 1198 1570; x_wconf 85' lang='lat' dir='ltr'>quem</span> <span class='ocrx_word' id='word_1_93' title='bbox 1226 1505 1324 1569; x_wconf 79' lang='lat' dir='ltr'>ego</span> <span class='ocrx_word' id='word_1_94' title='bbox 1362 1506 1448 1569; x_wconf 89' lang='lat' dir='ltr'>qui</span> <span class='ocrx_word' id='word_1_95' title='bbox 1484 1506 1546 1554; x_wconf 85' lang='lat' dir='ltr'>sit</span> <span class='ocrx_word' id='word_1_96' title='bbox 1583 1503 1740 1553; x_wconf 89' lang='lat' dir='ltr'>homo</span> <span class='ocrx_word' id='word_1_97' title='bbox 1779 1501 1953 1553; x_wconf 78' lang='lat' dir='ltr'>nescio</span> 
     </span>
    </p>

    <p class='ocr_par' dir='ltr' id='par_1_8' title="bbox 195 1591 1954 1660">
     <span class='ocr_line' id='line_1_17' title="bbox 195 1591 1954 1660; baseline -0.003 -16"><span class='ocrx_word' id='word_1_98' title='bbox 195 1594 380 1660; x_wconf 79' lang='lat' dir='ltr'>Neque</span> <span class='ocrx_word' id='word_1_99' title='bbox 430 1594 588 1644; x_wconf 85' lang='lat' dir='ltr'>oculis</span> <span class='ocrx_word' id='word_1_100' title='bbox 640 1602 757 1642; x_wconf 80' lang='lat' dir='ltr'>ante</span> <span class='ocrx_word' id='word_1_101' title='bbox 800 1591 935 1642; x_wconf 68' lang='lat' dir='ltr'>hfinc</span> <span class='ocrx_word' id='word_1_102' title='bbox 986 1593 1123 1642; x_wconf 90' lang='lat' dir='ltr'>diem</span> <span class='ocrx_word' id='word_1_103' title='bbox 1166 1608 1414 1658; x_wconf 81' lang='lat' dir='ltr'>umquam</span> <span class='ocrx_word' id='word_1_104' title='bbox 1452 1592 1565 1653; x_wconf 76' lang='lat' dir='ltr'>vidi,</span> <span class='ocrx_word' id='word_1_105' title='bbox 1610 1592 1723 1641; x_wconf 87' lang='lat' dir='ltr'>eine</span> <span class='ocrx_word' id='word_1_106' title='bbox 1774 1606 1954 1640; x_wconf 82' lang='lat' dir='ltr'>aurum</span> 
     </span>
    </p>
   </div>
   <div class='ocr_carea' id='block_1_5' title="bbox 197 1679 1956 1904">
    <p class='ocr_par' dir='ltr' id='par_1_9' title="bbox 197 1679 1956 1904">
     <span class='ocr_line' id='line_1_18' title="bbox 483 1679 1950 1730; baseline -0.002 -1"><span class='ocrx_word' id='word_1_107' title='bbox 483 1679 774 1730; x_wconf 84' lang='lat' dir='ltr'>cre&#39;derem?</span> <span class='ocrx_word' id='word_1_108' title='bbox 1851 1681 1950 1727; x_wconf 87' lang='lat'>961</span> 
     </span>
     <span class='ocr_line' id='line_1_19' title="bbox 197 1761 1955 1832; baseline -0.003 -14"><span class='ocrx_word' id='word_1_109' title='bbox 197 1767 352 1830; x_wconf 76' lang='lat' dir='ltr'>Quoi,</span> <span class='ocrx_word' id='word_1_110' title='bbox 390 1768 429 1817; x_wconf 85' lang='lat' dir='ltr'>si</span> <span class='ocrx_word' id='word_1_111' title='bbox 469 1767 645 1832; x_wconf 79' lang='lat' dir='ltr'>capitis</span> <span class='ocrx_word' id='word_1_112' title='bbox 684 1765 763 1815; x_wconf 77' lang='lat' dir='ltr'>res</span> <span class='ocrx_word' id='word_1_113' title='bbox 803 1767 875 1826; x_wconf 81' lang='lat' dir='ltr'>sit,</span> <span class='ocrx_word' id='word_1_114' title='bbox 906 1781 1177 1815; x_wconf 87' lang='lat' dir='ltr'>nummum</span> <span class='ocrx_word' id='word_1_115' title='bbox 1221 1763 1504 1831; x_wconf 76' lang='lat' dir='ltr'>mimquam</span> <span class='ocrx_word' id='word_1_116' title='bbox 1545 1764 1751 1814; x_wconf 84' lang='lat' dir='ltr'>credam</span> <span class='ocrx_word' id='word_1_117' title='bbox 1789 1761 1955 1829; x_wconf 75' lang='lat' dir='ltr'>phim-</span> 
     </span>
     <span class='ocr_line' id='line_1_20' title="bbox 478 1856 1956 1904; baseline -0.002 -1"><span class='ocrx_word' id='word_1_118' title='bbox 478 1856 648 1904; x_wconf 81' lang='lat' dir='ltr'>beum.</span> <span class='ocrx_word' id='word_1_119' title='bbox 1874 1872 1956 1900; x_wconf 90' lang='lat'>120</span> 
     </span>
    </p>
   </div>
   <div class='ocr_carea' id='block_1_6' title="bbox 197 1931 1956 3047">
    <p class='ocr_par' dir='ltr' id='par_1_10' title="bbox 197 1931 1955 2077">
     <span class='ocr_line' id='line_1_21' title="bbox 197 1931 1955 2008; baseline -0.002 -17"><span class='ocrx_word' id='word_1_120' title='bbox 197 1931 616 2007; x_wconf 61' lang='lat' dir='ltr'>Adgrediundust</span> <span class='ocrx_word' id='word_1_121' title='bbox 660 1940 742 1990; x_wconf 79' lang='lat' dir='ltr'>hic</span> <span class='ocrx_word' id='word_1_122' title='bbox 788 1940 946 1990; x_wconf 87' lang='lat' dir='ltr'>homo</span> <span class='ocrx_word' id='word_1_123' title='bbox 993 1941 1063 1989; x_wconf 88' lang='lat' dir='ltr'>mi</span> <span class='ocrx_word' id='word_1_124' title='bbox 1108 1951 1236 1992; x_wconf 81' lang='lat' dir='ltr'>astu,</span> <span class='ocrx_word' id='word_1_125' title='bbox 1277 1939 1499 2008; x_wconf 80' lang='lat' dir='ltr'>(Aloud.)</span> <span class='ocrx_word' id='word_1_126' title='bbox 1546 1940 1689 2000; x_wconf 89' lang='lat' dir='ltr'>heus,</span> <span class='ocrx_word' id='word_1_127' title='bbox 1737 1937 1859 1999; x_wconf 56' lang='lat' dir='ltr'><strong>Pax,</strong></span> <span class='ocrx_word' id='word_1_128' title='bbox 1904 1947 1955 1988; x_wconf 91' lang='lat' dir='ltr'>te</span> 
     </span>
     <span class='ocr_line' id='line_1_22' title="bbox 482 2026 992 2077; baseline -0.002 0"><span class='ocrx_word' id='word_1_129' title='bbox 482 2028 641 2077; x_wconf 86' lang='lat' dir='ltr'>tribus</span> <span class='ocrx_word' id='word_1_130' title='bbox 668 2027 834 2076; x_wconf 81' lang='lat' dir='ltr'>verbis</span> <span class='ocrx_word' id='word_1_131' title='bbox 860 2026 992 2076; x_wconf 87' lang='lat' dir='ltr'><strong>volo.</strong></span> 
     </span>
    </p>

    <p class='ocr_par' dir='ltr' id='par_1_11' title="bbox 197 2111 1955 2251">
     <span class='ocr_line' id='line_1_23' title="bbox 197 2111 1955 2178; baseline -0.003 -13"><span class='ocrx_word' id='word_1_132' title='bbox 197 2121 303 2165; x_wconf 88' lang='lat' dir='ltr'>SY.</span> <span class='ocrx_word' id='word_1_133' title='bbox 331 2114 428 2164; x_wconf 79' lang='lat' dir='ltr'>Vel</span> <span class='ocrx_word' id='word_1_134' title='bbox 465 2115 715 2164; x_wconf 84' lang='lat' dir='ltr'>trecentis.</span> <span class='ocrx_word' id='word_1_135' title='bbox 758 2120 872 2163; x_wconf 85' lang='lat' dir='ltr'>CH.</span> <span class='ocrx_word' id='word_1_136' title='bbox 903 2113 1092 2165; x_wconf 52' lang='lat' dir='ltr'>Heben</span> <span class='ocrx_word' id='word_1_137' title='bbox 1130 2122 1184 2164; x_wconf 80' lang='lat' dir='ltr'>tu</span> <span class='ocrx_word' id='word_1_138' title='bbox 1221 2113 1275 2163; x_wconf 88' lang='lat' dir='ltr'>id</span> <span class='ocrx_word' id='word_1_139' title='bbox 1313 2128 1506 2173; x_wconf 83' lang='lat' dir='ltr'>aurum,</span> <span class='ocrx_word' id='word_1_140' title='bbox 1535 2112 1675 2178; x_wconf 72' lang='lat' dir='ltr'>qudd</span> <span class='ocrx_word' id='word_1_141' title='bbox 1713 2111 1955 2178; x_wconf 82' lang='lat' dir='ltr'>accepisti</span> 
     </span>
     <span class='ocr_line' id='line_1_24' title="bbox 484 2200 850 2251; baseline -0.008 0"><span class='ocrx_word' id='word_1_142' title='bbox 484 2218 514 2251; x_wconf 82' lang='lat' dir='ltr'>a</span> <span class='ocrx_word' id='word_1_143' title='bbox 541 2200 850 2251; x_wconf 59' lang='lat' dir='ltr'>Chdrmide?</span> 
     </span>
    </p>

    <p class='ocr_par' dir='ltr' id='par_1_12' title="bbox 197 2277 1956 2436">
     <span class='ocr_line' id='line_1_25' title="bbox 197 2277 1956 2354; baseline -0.003 -16"><span class='ocrx_word' id='word_1_144' title='bbox 197 2294 304 2338; x_wconf 87' lang='lat' dir='ltr'>SY.</span> <span class='ocrx_word' id='word_1_145' title='bbox 338 2277 507 2354; x_wconf 60' lang='lat' dir='ltr'>Atque</span> <span class='ocrx_word' id='word_1_146' title='bbox 559 2288 713 2337; x_wconf 80' lang='lat' dir='ltr'>etiam</span> <span class='ocrx_word' id='word_1_147' title='bbox 765 2285 1070 2352; x_wconf 68' lang='lat' dir='ltr'>Philippfim‚</span> <span class='ocrx_word' id='word_1_148' title='bbox 1121 2295 1444 2337; x_wconf 78' lang='lat' dir='ltr'>numeratum</span> <span class='ocrx_word' id='word_1_149' title='bbox 1494 2286 1623 2335; x_wconf 77' lang='lat' dir='ltr'>illius</span> <span class='ocrx_word' id='word_1_150' title='bbox 1672 2286 1726 2334; x_wconf 90' lang='lat' dir='ltr'>in</span> <span class='ocrx_word' id='word_1_151' title='bbox 1776 2283 1956 2333; x_wconf 45' lang='lat' dir='ltr'>mens&amp;</span> 
     </span>
     <span class='ocr_line' id='line_1_26' title="bbox 483 2375 1953 2436; baseline -0.003 -13"><span class='ocrx_word' id='word_1_152' title='bbox 483 2391 656 2436; x_wconf 77' lang='lat' dir='ltr'>manu,</span> <span class='ocrx_word' id='word_1_153' title='bbox 1850 2375 1953 2420; x_wconf 83' lang='lat'>965</span> 
     </span>
    </p>

    <p class='ocr_par' dir='ltr' id='par_1_13' title="bbox 198 2457 1954 2526">
     <span class='ocr_line' id='line_1_27' title="bbox 198 2457 1954 2526; baseline -0.003 -16"><span class='ocrx_word' id='word_1_154' title='bbox 198 2462 340 2511; x_wconf 80' lang='lat' dir='ltr'>Mille</span> <span class='ocrx_word' id='word_1_155' title='bbox 367 2477 651 2511; x_wconf 90' lang='lat' dir='ltr'>nummum.</span> <span class='ocrx_word' id='word_1_156' title='bbox 701 2467 816 2511; x_wconf 86' lang='lat' dir='ltr'>CH.</span> <span class='ocrx_word' id='word_1_157' title='bbox 846 2459 1048 2526; x_wconf 80' lang='lat' dir='ltr'>Nempe</span> <span class='ocrx_word' id='word_1_158' title='bbox 1077 2461 1141 2510; x_wconf 82' lang='lat' dir='ltr'>ab</span> <span class='ocrx_word' id='word_1_159' title='bbox 1162 2461 1275 2526; x_wconf 88' lang='lat' dir='ltr'>ipso</span> <span class='ocrx_word' id='word_1_160' title='bbox 1296 2460 1348 2510; x_wconf 88' lang='lat' dir='ltr'>id</span> <span class='ocrx_word' id='word_1_161' title='bbox 1374 2460 1614 2524; x_wconf 56' lang='lat' dir='ltr'>{accepisti</span> <span class='ocrx_word' id='word_1_162' title='bbox 1643 2457 1954 2508; x_wconf 67' lang='lat' dir='ltr'>Chzirmide?</span> 
     </span>
    </p>

    <p class='ocr_par' dir='ltr' id='par_1_14' title="bbox 197 2545 1955 2690">
     <span class='ocr_line' id='line_1_28' title="bbox 197 2545 1955 2613; baseline -0.002 -16"><span class='ocrx_word' id='word_1_163' title='bbox 197 2554 302 2597; x_wconf 88' lang='lat' dir='ltr'>SY.</span> <span class='ocrx_word' id='word_1_164' title='bbox 333 2547 524 2597; x_wconf 73' lang='lat' dir='ltr'>Mirum</span> <span class='ocrx_word' id='word_1_165' title='bbox 551 2548 674 2613; x_wconf 86' lang='lat' dir='ltr'>quin</span> <span class='ocrx_word' id='word_1_166' title='bbox 700 2548 765 2597; x_wconf 79' lang='lat' dir='ltr'>ab</span> <span class='ocrx_word' id='word_1_167' title='bbox 792 2563 886 2596; x_wconf 83' lang='lat' dir='ltr'>avo</span> <span class='ocrx_word' id='word_1_168' title='bbox 913 2547 1020 2596; x_wconf 78' lang='lat' dir='ltr'>eius</span> <span class='ocrx_word' id='word_1_169' title='bbox 1048 2556 1132 2597; x_wconf 82' lang='lat' dir='ltr'>aut</span> <span class='ocrx_word' id='word_1_170' title='bbox 1165 2563 1356 2613; x_wconf 83' lang='lat' dir='ltr'>proavo</span> <span class='ocrx_word' id='word_1_171' title='bbox 1393 2548 1697 2612; x_wconf 77' lang='lat' dir='ltr'>acciperem,</span> <span class='ocrx_word' id='word_1_172' title='bbox 1726 2545 1811 2611; x_wconf 90' lang='lat' dir='ltr'>qui</span> <span class='ocrx_word' id='word_1_173' title='bbox 1839 2553 1955 2594; x_wconf 87' lang='lat' dir='ltr'>sunt</span> 
     </span>
     <span class='ocr_line' id='line_1_29' title="bbox 484 2634 1952 2690; baseline -0.002 -8"><span class='ocrx_word' id='word_1_174' title='bbox 484 2634 685 2683; x_wconf 72' lang='lat' dir='ltr'>mdrtui.</span> <span class='ocrx_word' id='word_1_175' title='bbox 1875 2651 1952 2690; x_wconf 88' lang='lat'>125</span> 
     </span>
    </p>

    <p class='ocr_par' dir='ltr' id='par_1_15' title="bbox 200 2709 1955 2856">
     <span class='ocr_line' id='line_1_30' title="bbox 200 2709 1955 2782; baseline -0.003 -11"><span class='ocrx_word' id='word_1_176' title='bbox 200 2727 314 2771; x_wconf 84' lang='lat' dir='ltr'>CH.</span> <span class='ocrx_word' id='word_1_177' title='bbox 343 2709 678 2781; x_wconf 67' lang='lat' dir='ltr'>AdulescenS,</span> <span class='ocrx_word' id='word_1_178' title='bbox 707 2720 961 2770; x_wconf 92' lang='lat' dir='ltr'>cedodum</span> <span class='ocrx_word' id='word_1_179' title='bbox 987 2721 1116 2770; x_wconf 77' lang='lat' dir='ltr'>istuc</span> <span class='ocrx_word' id='word_1_180' title='bbox 1145 2737 1324 2770; x_wconf 79' lang='lat' dir='ltr'>aurum</span> <span class='ocrx_word' id='word_1_181' title='bbox 1351 2720 1489 2770; x_wconf 78' lang='lat' dir='ltr'>mihi.</span> <span class='ocrx_word' id='word_1_182' title='bbox 1533 2725 1642 2768; x_wconf 88' lang='lat' dir='ltr'>SY.</span> <span class='ocrx_word' id='word_1_183' title='bbox 1670 2718 1828 2781; x_wconf 85' lang='lat' dir='ltr'>Quod</span> <span class='ocrx_word' id='word_1_184' title='bbox 1854 2733 1955 2782; x_wconf 86' lang='lat' dir='ltr'>ego</span> 
     </span>
     <span class='ocr_line' id='line_1_31' title="bbox 485 2805 959 2856; baseline -0.002 0"><span class='ocrx_word' id='word_1_185' title='bbox 485 2807 602 2856; x_wconf 93' lang='lat' dir='ltr'>dem</span> <span class='ocrx_word' id='word_1_186' title='bbox 630 2805 811 2856; x_wconf 73' lang='lat' dir='ltr'>aurtim</span> <span class='ocrx_word' id='word_1_187' title='bbox 836 2808 959 2856; x_wconf 87' lang='lat' dir='ltr'>tibi?</span> 
     </span>
    </p>

    <p class='ocr_par' dir='ltr' id='par_1_16' title="bbox 200 2881 1952 3047">
     <span class='ocr_line' id='line_1_32' title="bbox 200 2881 1952 2959; baseline -0.003 -15"><span class='ocrx_word' id='word_1_188' title='bbox 200 2901 313 2945; x_wconf 87' lang='lat' dir='ltr'>CH.</span> <span class='ocrx_word' id='word_1_189' title='bbox 346 2894 504 2958; x_wconf 74' lang='lat' dir='ltr'>Qudd</span> <span class='ocrx_word' id='word_1_190' title='bbox 529 2903 577 2943; x_wconf 88' lang='lat' dir='ltr'>te</span> <span class='ocrx_word' id='word_1_191' title='bbox 604 2911 633 2943; x_wconf 85' lang='lat' dir='ltr'>a</span> <span class='ocrx_word' id='word_1_192' title='bbox 659 2910 741 2943; x_wconf 94' lang='lat' dir='ltr'>me</span> <span class='ocrx_word' id='word_1_193' title='bbox 768 2894 1027 2959; x_wconf 76' lang='lat' dir='ltr'>accepisse</span> <span class='ocrx_word' id='word_1_194' title='bbox 1054 2894 1245 2944; x_wconf 81' lang='lat' dir='ltr'>fassu’s.</span> <span class='ocrx_word' id='word_1_195' title='bbox 1300 2899 1408 2944; x_wconf 89' lang='lat' dir='ltr'>SY.</span> <span class='ocrx_word' id='word_1_196' title='bbox 1436 2881 1545 2942; x_wconf 66' lang='lat' dir='ltr'>Abs</span> <span class='ocrx_word' id='word_1_197' title='bbox 1572 2901 1621 2943; x_wconf 88' lang='lat' dir='ltr'>te</span> <span class='ocrx_word' id='word_1_198' title='bbox 1658 2892 1952 2958; x_wconf 84' lang='lat' dir='ltr'>accepisse?</span> 
     </span>
     <span class='ocr_line' id='line_1_33' title="bbox 486 2967 930 3047; baseline -0.002 -16"><span class='ocrx_word' id='word_1_199' title='bbox 486 2987 602 3031; x_wconf 85' lang='lat' dir='ltr'>CH.</span> <span class='ocrx_word' id='word_1_200' title='bbox 629 2967 708 3030; x_wconf 72' lang='lat' dir='ltr'>sta</span> <span class='ocrx_word' id='word_1_201' title='bbox 734 2981 930 3047; x_wconf 86' lang='lat' dir='ltr'>loquor.</span> 
     </span>
    </p>
   </div>
  </div>
 </body>
</html>
