2116 3326
212 188 284 263 36
944 184 1085 232 PLA
1103 184 1226 230 VTI
1613 187 1693 230 IV.
1716 187 1907 230 1.12—2.
1927 199 1966 238 4.

210 343 370 393 Fidus
416 338 577 389 fuisti:
638 335 856 386 infidum
908 348 1019 382 esse
1072 330 1266 380 iterant.
1310 341 1432 375 nam
1483 323 1678 389 absque
1728 321 1858 371 foret
1902 329 1965 379 te,

500 423 576 475 sat
615 423 720 472 scio
760 422 812 470 in
851 420 951 469 alto

212 513 577 564 Distraxissent
617 509 796 573 disque
834 506 1066 569 tulissent
1106 500 1344 551 satellites
1384 497 1455 547 tui
1494 496 1740 546 miserum
1777 493 1943 553 foede,

214 602 460 665 Bonaque
512 597 633 646 item
686 593 860 644 omnia
912 589 1014 640 una
1066 601 1272 637 mecum
1328 583 1522 649 passim
1572 579 1830 632 caeruleos
1881 594 1971 643 per

500 697 712 746 campos
734 701 821 728 2—
1920 685 1972 726 14

217 760 293 823 sta
331 773 433 821 iam
471 769 615 835 quasi
656 765 808 817 canes
846 764 947 813 hau
987 778 1132 812 secus
1188 755 1586 809 circumstabant
1636 768 1818 803 navem
1868 749 1971 800 tur-

502 857 619 906 bine
657 854 823 903 venti:
1871 841 1972 887 835

218 934 414 996 imbres
453 943 737 1006 fluctusque
777 939 927 1005 atque
955 934 1211 1002 procellae
1239 929 1468 981 infensae
1477 927 1711 993 fremere,
1742 924 1976 990 frangere

503 1029 707 1089 malum,

220 1118 388 1169 Ruere
451 1126 713 1174 antennas,
772 1111 1001 1163 scindere
1055 1107 1165 1158 vela
1187 1122 1272 1155 :—-
1289 1105 1343 1154 ni
1405 1120 1507 1169 pax
1571 1099 1788 1166 propitia
1851 1098 1980 1148 foret

513 1212 734 1269 praesto.

222 1280 405 1359 Apage
445 1306 474 1338 a
512 1306 595 1338 me
635 1289 735 1337 sis:
778 1286 964 1336 dehinc
993 1283 1094 1332 iam
1123 1287 1367 1331 certumst
1405 1277 1510 1326 otio
1547 1274 1668 1324 dare
1704 1288 1818 1322 me:
1861 1269 1980 1320 satis

509 1384 713 1440 partum
754 1374 937 1433 habeo,

225 1464 427 1526 Quibus
466 1461 718 1512 aerumnis
759 1459 1020 1518 deluctavi‚
1051 1457 1154 1505 fssio
1197 1455 1320 1504 dum
1360 1449 1560 1500 divitias
1601 1461 1807 1513 quaero.
1935 1463 1982 1503 19

321 1548 502 1617 (Enler
529 1546 833 1613 Sycophanta
861 1553 915 1595 at
938 1544 1053 1594 back
1079 1543 1143 1606 Of
1153 1549 1299 1606 stage,
1329 1537 1599 1604 z‘nsorezgn
1624 1539 1826 1583 coslume

586 1636 708 1684 with
735 1651 801 1683 an
826 1630 1213 1696 exfravaganlly
1237 1630 1375 1692 large
1399 1624 1523 1684 hal.)

444 1722 546 1772 Sed
585 1722 698 1788 quis
738 1721 819 1769 hic
859 1728 934 1769 est
974 1719 1060 1783 qui
1099 1718 1152 1765 in
1191 1715 1414 1780 plateam
1453 1707 1729 1774 ingreditur
1848 1706 1948 1754 840
1967 1709 1989 1726 ‘²

445 1809 579 1860 Cum
617 1808 752 1857 novo
793 1814 974 1855 ornatu
1013 1802 1286 1868 specieque
1325 1798 1510 1849 simul?
1851 1786 1989 1840 840⁶

446 1896 553 1956 Pol,
582 1893 895 1960 quamquam
935 1890 1075 1940 domi
1116 1888 1283 1953 cupio,
1313 1883 1580 1951 opperiar;

449 1983 621 2045 Quam
659 1982 742 2031 hic
780 1979 888 2030 rem
925 1987 1067 2044 gerat
1105 1977 1334 2026 animum
1374 1971 1651 2022 advortam.

1023 2384 1119 2435 SC.
1163 2390 1207 2434 2.

594 2519 1116 2565 SYGOPHANTA.
1186 2511 1642 2561 CHARMIDES.

243 2666 347 2709 SY.
388 2656 520 2724 (Nol
535 2659 694 2721 seez'ng
718 2653 1049 2721 Charmides.)
1082 2654 1221 2703 Huic
1249 2667 1348 2716 ego
1371 2650 1450 2699 die
1471 2645 1666 2698 nome'n
1684 2644 1997 2694 Trinummo

530 2744 691 2794 facio:
734 2760 854 2793 nam
895 2758 991 2806 ego
1031 2740 1242 2805 operam
1280 2752 1450 2787 meam

246 2833 436 2882 Tribus
474 2832 696 2881 nummis
736 2829 888 2879 hodie'
928 2828 1090 2877 locavi
1129 2826 1194 2876 ad
1233 2825 1351 2875 artis
1390 2820 1698 2887 nugatorias.

247 2906 482 2967 Advenio
520 2933 583 2966 ex
624 2915 864 2978 Seleucia,
896 2913 1220 2971 Macedonia,
1249 2912 1372 2961 Asia
1411 2918 1563 2974 atque
1602 2894 1807 2965 Arabia,
1897 2905 1999 2951 845

250 3004 394 3067 Quas
421 3021 519 3068 ego
541 3020 707 3071 neque
729 3004 890 3055 oculis
913 3017 1079 3067 neque
1100 2999 1315 3066 pedibus
1336 2995 1583 3062 umquam
1603 2991 1840 3059 usurpavi
1860 2988 2000 3039 meis.
