2116 3326
244 170 313 207 20
983 157 1124 203 PLA
1140 156 1262 202 νγ]
1683 165 1744 206 11.
1767 166 1804 207 4.
1828 163 1981 219 32—62.

239 304 289 355 Is
329 302 540 353 herclest
578 303 731 369 ipsus.
808 307 904 351 ΒΤ.
944 287 1142 367 Edepol
1180 317 1245 350 ne
1285 316 1382 366 ego
1420 298 1572 350 istum
1610 299 1759 349 velim

240 391 419 441 Meum
456 391 566 440 fieri
605 405 802 440 servom
841 387 959 438 cum
997 405 1089 438 suo
1128 385 1340 453 peculio.

238 484 356 527 PH.
394 477 551 526 Erum
590 475 740 541 atque
780 491 978 525 servom
1016 472 1306 539 plurumum
1344 472 1509 522 Philto
1547 472 1688 522 iubet
1879 477 1980 522 435

241 563 455 622 Salvere,
483 562 829 612 Lesbonicum
867 570 915 610 et
955 560 1243 610 Stasimum.
1318 565 1428 608 LE.
1466 559 1537 608 Di
1578 559 1719 608 duint
1925 579 1978 620 35

238 649 372 710 Tibi,
401 649 581 708 Philto,
611 663 1002 712 quaequomque
1041 646 1200 710 optes.
1254 645 1376 710 quid
1415 645 1516 709 agit
1554 643 1718 694 filius?

240 741 359 784 PH.
400 735 541 784 Bene
579 734 682 783 volt
719 734 821 782 tibi.
896 739 1003 781 LE.
1043 731 1243 797 Edepol
1280 729 1513 780 mutuom
1550 728 1753 779 mecum
1791 730 1920 780 facit.

237 829 333 872 ST.
385 818 594 890 (Aside.)
647 819 885 886 Nequam
930 819 1050 868 sslud
1093 819 1350 867 verbumst
1390 815 1549 865 ‘bene
1586 816 1717 875 volt,’
1757 817 1852 866 nisi
1896 819 1982 882 qui

520 906 650 956 bene
688 907 820 956 facit.

235 992 352 1059 Ego
393 992 597 1059 quoque
636 993 751 1042 volo
791 1008 902 1042 esse
940 991 1093 1040 h'ber:
1145 987 1455 1055 nequiquam
1492 988 1623 1038 volo.
1878 993 1979 1039 440

236 1079 342 1129 Hic
381 1079 600 1144 postulet
639 1078 767 1142 frugi
806 1077 946 1126 esse:
1002 1092 1163 1141 nugas
1201 1075 1434 1139 postulet.
1923 1094 1980 1137 40

236 1172 355 1215 PH.
398 1165 547 1215 Meus
587 1164 770 1230 gnatus
809 1180 891 1213 me
931 1162 995 1213 ad
1032 1172 1080 1212 te
1119 1162 1267 1220 misit,
1296 1162 1426 1210 inter
1462 1170 1511 1210 te
1550 1159 1701 1226 atque
1738 1176 1835 1210 nos

236 1251 566 1300 Adfr'nitatem
603 1260 657 1299 ut
696 1250 1019 1300 conciliarem
1058 1257 1106 1297 et
1143 1247 1368 1313 gratiam.

239 1337 410 1387 Tuam
448 1338 550 1387 volt
588 1354 815 1387 sororem
855 1334 1037 1385 ducere
1074 1350 1318 1384 uxorem:
1373 1332 1420 1382 et
1458 1332 1581 1381 mihi

238 1423 497 1474 Sententia
535 1424 764 1473 eademst
801 1421 850 1471 et
887 1422 1017 1471 volo.
1092 1427 1201 1469 LE.
1242 1418 1365 1468 Hau
1403 1418 1563 1468 nosco
1603 1427 1773 1469 tuom:
1875 1423 1976 1468 445

236 1508 397 1559 Bonis
437 1510 534 1559 tuis
573 1511 722 1559 rebus
761 1508 901 1558 meas
941 1524 1020 1557 res
1059 1505 1245 1555 inrides
1284 1506 1457 1555 malas.
1925 1526 1977 1568 45

235 1602 354 1645 PH.
395 1595 574 1646 Homo
612 1595 708 1660 ego
750 1611 877 1655 sum,
914 1603 969 1643 tu
1005 1591 1231 1643 homo’s:
1282 1592 1350 1640 ita
1386 1607 1469 1639 me
1512 1591 1699 1639 amabit
1738 1588 1978 1657 Iuppiter,

237 1681 421 1747 Neque
460 1681 508 1730 te
548 1681 767 1731 derisum
808 1679 1021 1730 advenio
1061 1695 1227 1743 neque
1267 1674 1474 1741 dignum
1516 1684 1655 1742 puto.

235 1768 430 1817 Verum
467 1767 565 1817 hoe
605 1767 744 1832 quod
782 1766 884 1816 dixi
923 1764 1066 1815 meus
1105 1781 1187 1814 me
1226 1764 1383 1813 oravit
1420 1762 1564 1823 filius,

235 1854 305 1902 Vt
343 1853 482 1903 tuam
523 1869 749 1903 sororem
787 1853 1053 1917 poscerem
1090 1851 1302 1899 uxorem
1342 1849 1450 1899 sibi.
1878 1854 1980 1900 450

235 1946 343 1989 LE.
386 1937 617 1988 Mearum
655 1955 738 1988 me
775 1954 942 1988 rerum
978 1937 1179 1986 novisse
1217 1943 1485 2000 aequomst
1522 1934 1765 1986 ordinem.
1925 1956 1981 1997 50

237 2026 370 2076 Cum
409 2026 584 2076 vostris
623 2035 794 2075 nostra
832 2025 937 2074 non
975 2032 1050 2073 est
1087 2039 1248 2088 aequa
1286 2021 1466 2071 factio:

236 2112 569 2162 Adfinitatem
606 2111 748 2160 vobis
786 2111 934 2160 aliam
973 2109 1208 2175 quaerite.

236 2205 332 2248 ΞΤ.
375 2198 515 2248 Satin
554 2206 607 2247 tu
646 2196 810 2247 sanu’s
850 2195 1033 2246 mentis
1073 2204 1158 2245 aut
1196 2194 1354 2244 animi
1391 2194 1477 2254 tui,

237 2284 342 2346 Qui
382 2284 738 2334 condicionem
777 2283 907 2333 hanc
947 2282 1216 2347 repudies?
1269 2296 1389 2329 nam
1427 2277 1566 2328 illum
1602 2279 1690 2330 tibi
1880 2282 1981 2327 455

235 2370 585 2420 Ferentarium
624 2386 734 2419 esse
775 2370 995 2418 amicum
1035 2369 1296 2417 inventum
1335 2365 1586 2430 intellego.
1926 2384 1979 2426 55

235 2462 343 2505 LE.
392 2457 529 2505 Abin
555 2456 673 2506 hinc
701 2455 953 2504 dierecte?
1030 2461 1124 2503 ΞΤ.
1168 2453 1220 2502 si
1246 2452 1412 2502 hercle
1439 2453 1509 2500 ire
1536 2448 1802 2515 occipffim,
1824 2458 1980 2501 votes.

236 2548 344 2590 LE.
386 2542 498 2591 Nisi
536 2558 618 2591 me
657 2541 791 2591 aliud
829 2541 949 2606 quid
988 2541 1073 2601 vis,
1103 2540 1283 2598 Philto,
1311 2538 1554 2603 respondi
1590 2537 1691 2586 tibi.

238 2633 356 2676 PH.
396 2627 769 2692 Benigniorem‚
798 2627 1096 2686 Lesbonice‚
1124 2624 1172 2674 te
1210 2624 1350 2683 mihi,

240 2712 411 2773 Quam
449 2712 584 2762 nune
622 2714 854 2779 experior
895 2713 1018 2771 esse,
1049 2710 1253 2761 confido
1292 2709 1430 2758 fore:
1879 2712 1981 2758 460

239 2798 376 2847 Nam
414 2806 463 2848 et
501 2797 646 2848 stulte
685 2799 850 2848 facere
890 2808 938 2848 et
977 2796 1122 2847 stulte
1162 2795 1441 2856 fabularier,
1929 2803 1983 2844 60

239 2882 539 2949 Vtrumque,
567 2884 869 2944 Lesbonice,
897 2885 947 2933 in
987 2893 1149 2933 aetate
1189 2880 1288 2930 hau
1328 2883 1585 2931 bonumst.

239 2976 333 3019 8¹1¹.
363 2970 557 3019 Verum
582 2969 747 3020 hercle
774 2969 854 3020 hic
884 2970 1016 3020 dicit.
1080 2975 1187 3017 LE.
1219 2953 1440 3018 Oculum
1476 2982 1574 3032 ego
1609 2964 1850 3017 effodiam
1876 2964 1980 3026 tibi,
