<?xml version="1.0" encoding="UTF-8"?>
<!DOCTYPE html PUBLIC "-//W3C//DTD XHTML 1.0 Transitional//EN"
    "http://www.w3.org/TR/xhtml1/DTD/xhtml1-transitional.dtd">
<html xmlns="http://www.w3.org/1999/xhtml" xml:lang="en" lang="en">
 <head>
  <title>
</title>
<meta http-equiv="Content-Type" content="text/html;charset=utf-8" />
  <meta name='ocr-system' content='tesseract 3.04.00' />
  <meta name='ocr-capabilities' content='ocr_page ocr_carea ocr_par ocr_line ocrx_word'/>
</head>
<body>
  <div class='ocr_page' id='page_1' title='image "./trinummus1883plauuoft_0085.png"; bbox 0 0 2068 3310; ppageno 0'>
   <div class='ocr_carea' id='block_1_1' title="bbox 341 784 1747 836">
    <p class='ocr_par' dir='ltr' id='par_1_1' title="bbox 341 784 1747 836">
     <span class='ocr_line' id='line_1_1' title="bbox 341 784 1747 836; baseline -0.001 -1"><span class='ocrx_word' id='word_1_1' title='bbox 341 784 600 836; x_wconf 86' lang='lat' dir='ltr'>METRA</span> <span class='ocrx_word' id='word_1_2' title='bbox 651 784 874 835; x_wconf 88' lang='lat' dir='ltr'>HVIVS</span> <span class='ocrx_word' id='word_1_3' title='bbox 926 784 1255 834; x_wconf 86' lang='lat' dir='ltr'>FABVLAE</span> <span class='ocrx_word' id='word_1_4' title='bbox 1305 785 1503 836; x_wconf 83' lang='lat' dir='ltr'>HAEC</span> <span class='ocrx_word' id='word_1_5' title='bbox 1557 785 1747 836; x_wconf 79' lang='lat' dir='ltr'>SVNT</span> 
     </span>
    </p>
   </div>
   <div class='ocr_carea' id='block_1_2' title="bbox 408 1051 1600 2484">
    <p class='ocr_par' dir='ltr' id='par_1_2' title="bbox 408 1051 1600 2484">
     <span class='ocr_line' id='line_1_2' title="bbox 408 1051 1153 1094; baseline -0.004 0"><span class='ocrx_word' id='word_1_6' title='bbox 408 1053 510 1094; x_wconf 77' lang='lat' dir='ltr'>Ver.</span> <span class='ocrx_word' id='word_1_7' title='bbox 539 1065 556 1093; x_wconf 91' lang='lat'>1</span> <span class='ocrx_word' id='word_1_8' title='bbox 584 1053 640 1093; x_wconf 92' lang='lat' dir='ltr'>ad</span> <span class='ocrx_word' id='word_1_9' title='bbox 675 1064 752 1092; x_wconf 88' lang='lat'>222</span> <span class='ocrx_word' id='word_1_10' title='bbox 786 1052 965 1093; x_wconf 86' lang='lat' dir='ltr'>iambici</span> <span class='ocrx_word' id='word_1_11' title='bbox 997 1051 1153 1092; x_wconf 88' lang='lat' dir='ltr'>senarii</span> 
     </span>
     <span class='ocr_line' id='line_1_3' title="bbox 464 1124 1600 1179; baseline -0.002 -13"><span class='ocrx_word' id='word_1_12' title='bbox 464 1160 474 1177; x_wconf 92' lang='lat'><em>,</em></span> <span class='ocrx_word' id='word_1_13' title='bbox 543 1139 622 1179; x_wconf 89' lang='grc'>223</span> <span class='ocrx_word' id='word_1_14' title='bbox 655 1125 711 1166; x_wconf 91' lang='lat' dir='ltr'>ad</span> <span class='ocrx_word' id='word_1_15' title='bbox 747 1137 821 1178; x_wconf 82' lang='lat'>231</span> <span class='ocrx_word' id='word_1_16' title='bbox 848 1125 1071 1166; x_wconf 87' lang='lat' dir='ltr'>bacchiaci</span> <span class='ocrx_word' id='word_1_17' title='bbox 1103 1125 1340 1166; x_wconf 88' lang='lat' dir='ltr'>tetrametri</span> <span class='ocrx_word' id='word_1_18' title='bbox 1372 1124 1600 1166; x_wconf 82' lang='lat' dir='ltr'>acatalecti</span> 
     </span>
     <span class='ocr_line' id='line_1_4' title="bbox 463 1197 1420 1251; baseline -0.001 -13"><span class='ocrx_word' id='word_1_19' title='bbox 463 1231 473 1248; x_wconf 93' lang='lat'>,</span> <span class='ocrx_word' id='word_1_20' title='bbox 539 1211 616 1251; x_wconf 87' lang='grc'>232</span> <span class='ocrx_word' id='word_1_21' title='bbox 650 1197 911 1240; x_wconf 90' lang='lat' dir='ltr'>bacchiacus</span> <span class='ocrx_word' id='word_1_22' title='bbox 943 1198 1125 1239; x_wconf 89' lang='lat' dir='ltr'>dimeter</span> <span class='ocrx_word' id='word_1_23' title='bbox 1156 1198 1420 1239; x_wconf 81' lang='lat' dir='ltr'>acatalectus</span> 
     </span>
     <span class='ocr_line' id='line_1_5' title="bbox 460 1269 1279 1324; baseline 0 -14"><span class='ocrx_word' id='word_1_24' title='bbox 460 1304 472 1322; x_wconf 91' lang='lat'>‚</span> <span class='ocrx_word' id='word_1_25' title='bbox 537 1283 617 1323; x_wconf 83' lang='lat'>233</span> <span class='ocrx_word' id='word_1_26' title='bbox 649 1276 692 1311; x_wconf 86' lang='lat' dir='ltr'>et</span> <span class='ocrx_word' id='word_1_27' title='bbox 726 1282 808 1323; x_wconf 86' lang='grc'>234</span> <span class='ocrx_word' id='word_1_28' title='bbox 837 1269 1013 1311; x_wconf 84' lang='lat' dir='ltr'>iambici</span> <span class='ocrx_word' id='word_1_29' title='bbox 1047 1270 1279 1324; x_wconf 82' lang='lat' dir='ltr'>septenarii</span> 
     </span>
     <span class='ocr_line' id='line_1_6' title="bbox 447 1341 1432 1396; baseline -0.002 -12"><span class='ocrx_word' id='word_1_30' title='bbox 447 1375 472 1390; x_wconf 86' lang='lat'>.,</span> <span class='ocrx_word' id='word_1_31' title='bbox 538 1355 617 1396; x_wconf 83' lang='lat'>235</span> <span class='ocrx_word' id='word_1_32' title='bbox 651 1342 911 1384; x_wconf 85' lang='lat' dir='ltr'>bacchiacus</span> <span class='ocrx_word' id='word_1_33' title='bbox 942 1342 1125 1383; x_wconf 86' lang='lat' dir='ltr'>dimeter</span> <span class='ocrx_word' id='word_1_34' title='bbox 1156 1341 1432 1383; x_wconf 75' lang='lat' dir='ltr'>catalecticus</span> 
     </span>
     <span class='ocr_line' id='line_1_7' title="bbox 462 1415 1171 1470; baseline -0.001 -14"><span class='ocrx_word' id='word_1_35' title='bbox 462 1450 472 1467; x_wconf 89' lang='lat'><strong><em>,</em></strong></span> <span class='ocrx_word' id='word_1_36' title='bbox 538 1416 618 1470; x_wconf 92' lang='grc'>236</span> <span class='ocrx_word' id='word_1_37' title='bbox 649 1415 894 1457; x_wconf 84' lang='lat' dir='ltr'>trochaicus</span> <span class='ocrx_word' id='word_1_38' title='bbox 926 1415 1171 1455; x_wconf 85' lang='lat' dir='ltr'>octonarius</span> 
     </span>
     <span class='ocr_line' id='line_1_8' title="bbox 462 1486 1314 1541; baseline -0.002 -13"><span class='ocrx_word' id='word_1_39' title='bbox 462 1521 472 1538; x_wconf 89' lang='lat'><em>,</em></span> <span class='ocrx_word' id='word_1_40' title='bbox 538 1500 617 1541; x_wconf 87' lang='grc'>237</span> <span class='ocrx_word' id='word_1_41' title='bbox 651 1495 693 1529; x_wconf 93' lang='lat' dir='ltr'>et</span> <span class='ocrx_word' id='word_1_42' title='bbox 727 1489 807 1539; x_wconf 88' lang='grc'>238</span> <span class='ocrx_word' id='word_1_43' title='bbox 841 1487 1051 1528; x_wconf 88' lang='lat' dir='ltr'>trochaici</span> <span class='ocrx_word' id='word_1_44' title='bbox 1082 1486 1314 1541; x_wconf 87' lang='lat' dir='ltr'>septenarii</span> 
     </span>
     <span class='ocr_line' id='line_1_9' title="bbox 459 1557 1590 1615; baseline -0.002 -15"><span class='ocrx_word' id='word_1_45' title='bbox 459 1594 469 1611; x_wconf 95' lang='lat'><strong><em>,</em></strong></span> <span class='ocrx_word' id='word_1_46' title='bbox 537 1573 616 1615; x_wconf 84' lang='grc'>239</span> <span class='ocrx_word' id='word_1_47' title='bbox 649 1567 692 1602; x_wconf 92' lang='lat' dir='ltr'>et</span> <span class='ocrx_word' id='word_1_48' title='bbox 726 1574 806 1614; x_wconf 89' lang='lat'>240</span> <span class='ocrx_word' id='word_1_49' title='bbox 836 1560 1059 1600; x_wconf 81' lang='lat' dir='ltr'>bacchiaci</span> <span class='ocrx_word' id='word_1_50' title='bbox 1092 1560 1328 1600; x_wconf 85' lang='lat' dir='ltr'>tetrametri</span> <span class='ocrx_word' id='word_1_51' title='bbox 1359 1557 1590 1599; x_wconf 86' lang='lat' dir='ltr'>acatalecti</span> 
     </span>
     <span class='ocr_line' id='line_1_10' title="bbox 461 1632 1402 1687; baseline -0.003 -13"><span class='ocrx_word' id='word_1_52' title='bbox 461 1667 471 1684; x_wconf 87' lang='lat'>‚</span> <span class='ocrx_word' id='word_1_53' title='bbox 537 1647 613 1687; x_wconf 87' lang='lat'>241</span> <span class='ocrx_word' id='word_1_54' title='bbox 640 1633 898 1674; x_wconf 87' lang='lat' dir='ltr'>bacchiacus</span> <span class='ocrx_word' id='word_1_55' title='bbox 929 1633 1110 1673; x_wconf 84' lang='lat' dir='ltr'>dimeter</span> <span class='ocrx_word' id='word_1_56' title='bbox 1140 1632 1402 1674; x_wconf 86' lang='lat' dir='ltr'>acatalectus</span> 
     </span>
     <span class='ocr_line' id='line_1_11' title="bbox 462 1704 1193 1760; baseline -0.004 -13"><span class='ocrx_word' id='word_1_57' title='bbox 462 1739 473 1756; x_wconf 86' lang='lat'><strong><em>,</em></strong></span> <span class='ocrx_word' id='word_1_58' title='bbox 539 1718 617 1760; x_wconf 87' lang='lat'>242</span> <span class='ocrx_word' id='word_1_59' title='bbox 652 1705 895 1747; x_wconf 88' lang='lat' dir='ltr'>trochaicus</span> <span class='ocrx_word' id='word_1_60' title='bbox 928 1704 1193 1759; x_wconf 72' lang='lat' dir='ltr'>septenarius</span> 
     </span>
     <span class='ocr_line' id='line_1_12' title="bbox 467 1775 1533 1832; baseline -0.003 -14"><span class='ocrx_word' id='word_1_61' title='bbox 467 1812 477 1826; x_wconf 87' lang='lat'>‚</span> <span class='ocrx_word' id='word_1_62' title='bbox 542 1791 620 1832; x_wconf 88' lang='grc'>243</span> <span class='ocrx_word' id='word_1_63' title='bbox 654 1778 709 1820; x_wconf 87' lang='lat' dir='ltr'>ad</span> <span class='ocrx_word' id='word_1_64' title='bbox 744 1790 818 1829; x_wconf 84' lang='lat'>251</span> <span class='ocrx_word' id='word_1_65' title='bbox 847 1777 992 1819; x_wconf 88' lang='lat' dir='ltr'>cretici</span> <span class='ocrx_word' id='word_1_66' title='bbox 1023 1778 1261 1818; x_wconf 88' lang='lat' dir='ltr'>tetrametri</span> <span class='ocrx_word' id='word_1_67' title='bbox 1293 1775 1533 1817; x_wconf 82' lang='lat' dir='ltr'>catalectici</span> 
     </span>
     <span class='ocr_line' id='line_1_13' title="bbox 451 1850 1174 1903; baseline -0.004 -11"><span class='ocrx_word' id='word_1_68' title='bbox 451 1883 475 1899; x_wconf 87' lang='lat'>,‚</span> <span class='ocrx_word' id='word_1_69' title='bbox 541 1863 619 1903; x_wconf 91' lang='grc'>252</span> <span class='ocrx_word' id='word_1_70' title='bbox 652 1850 895 1892; x_wconf 90' lang='lat' dir='ltr'>trochaicus</span> <span class='ocrx_word' id='word_1_71' title='bbox 928 1850 1174 1891; x_wconf 84' lang='lat' dir='ltr'>octonarius</span> 
     </span>
     <span class='ocr_line' id='line_1_14' title="bbox 465 1921 1230 1975; baseline -0.004 -12"><span class='ocrx_word' id='word_1_72' title='bbox 465 1954 476 1972; x_wconf 88' lang='lat'><strong><em>,</em></strong></span> <span class='ocrx_word' id='word_1_73' title='bbox 542 1934 621 1975; x_wconf 84' lang='lat'>253</span> <span class='ocrx_word' id='word_1_74' title='bbox 654 1921 898 1963; x_wconf 85' lang='lat' dir='ltr'>trochaicus</span> <span class='ocrx_word' id='word_1_75' title='bbox 929 1921 1195 1975; x_wconf 88' lang='lat' dir='ltr'>septenarius</span> <span class='ocrx_word' id='word_1_76' title='bbox 1225 1924 1230 1925; x_wconf 50' lang='lat'><em>⁷</em></span> 
     </span>
     <span class='ocr_line' id='line_1_15' title="bbox 464 1992 1486 2049; baseline -0.004 -14"><span class='ocrx_word' id='word_1_77' title='bbox 464 2027 475 2044; x_wconf 91' lang='lat'><strong><em>,</em></strong></span> <span class='ocrx_word' id='word_1_78' title='bbox 541 2008 624 2049; x_wconf 86' lang='grc'>254</span> <span class='ocrx_word' id='word_1_79' title='bbox 655 2001 698 2035; x_wconf 89' lang='lat' dir='ltr'>et</span> <span class='ocrx_word' id='word_1_80' title='bbox 734 2006 811 2048; x_wconf 87' lang='grc'>255</span> <span class='ocrx_word' id='word_1_81' title='bbox 846 1994 1024 2034; x_wconf 91' lang='lat' dir='ltr'>iambici</span> <span class='ocrx_word' id='word_1_82' title='bbox 1054 1992 1227 2033; x_wconf 88' lang='lat' dir='ltr'>dimetri</span> <span class='ocrx_word' id='word_1_83' title='bbox 1259 1992 1486 2035; x_wconf 86' lang='lat' dir='ltr'>acatalecti</span> 
     </span>
     <span class='ocr_line' id='line_1_16' title="bbox 463 2066 1351 2121; baseline -0.001 -13"><span class='ocrx_word' id='word_1_84' title='bbox 463 2102 474 2118; x_wconf 84' lang='lat'>,</span> <span class='ocrx_word' id='word_1_85' title='bbox 543 2066 624 2120; x_wconf 89' lang='lat'>256</span> <span class='ocrx_word' id='word_1_86' title='bbox 656 2067 847 2108; x_wconf 88' lang='lat' dir='ltr'>iambica</span> <span class='ocrx_word' id='word_1_87' title='bbox 877 2066 1067 2121; x_wconf 89' lang='lat' dir='ltr'>tripodia</span> <span class='ocrx_word' id='word_1_88' title='bbox 1099 2066 1351 2107; x_wconf 83' lang='lat' dir='ltr'>catalectica</span> 
     </span>
     <span class='ocr_line' id='line_1_17' title="bbox 464 2139 1307 2194; baseline -0.005 -11"><span class='ocrx_word' id='word_1_89' title='bbox 464 2174 474 2192; x_wconf 90' lang='lat'>,</span> <span class='ocrx_word' id='word_1_90' title='bbox 542 2150 621 2194; x_wconf 87' lang='lat'>257</span> <span class='ocrx_word' id='word_1_91' title='bbox 651 2148 694 2182; x_wconf 93' lang='lat' dir='ltr'>et</span> <span class='ocrx_word' id='word_1_92' title='bbox 729 2141 808 2192; x_wconf 89' lang='grc'>258</span> <span class='ocrx_word' id='word_1_93' title='bbox 843 2139 1107 2194; x_wconf 87' lang='lat' dir='ltr'>anapaestici</span> <span class='ocrx_word' id='word_1_94' title='bbox 1137 2139 1307 2179; x_wconf 87' lang='lat' dir='ltr'>dimetri</span> 
     </span>
     <span class='ocr_line' id='line_1_18' title="bbox 463 2213 1144 2267; baseline -0.003 -13"><span class='ocrx_word' id='word_1_95' title='bbox 463 2246 474 2263; x_wconf 94' lang='lat'><em>,</em></span> <span class='ocrx_word' id='word_1_96' title='bbox 540 2226 621 2267; x_wconf 86' lang='lat'>259</span> <span class='ocrx_word' id='word_1_97' title='bbox 652 2213 866 2254; x_wconf 87' lang='lat' dir='ltr'>iambicus</span> <span class='ocrx_word' id='word_1_98' title='bbox 897 2213 1144 2253; x_wconf 84' lang='lat' dir='ltr'>octonarius</span> 
     </span>
     <span class='ocr_line' id='line_1_19' title="bbox 466 2282 1418 2334; baseline -0.005 -7"><span class='ocrx_word' id='word_1_99' title='bbox 466 2318 475 2334; x_wconf 95' lang='lat'>‚</span> <span class='ocrx_word' id='word_1_100' title='bbox 538 2285 622 2327; x_wconf 89' lang='grc'>260</span> <span class='ocrx_word' id='word_1_101' title='bbox 651 2285 911 2326; x_wconf 86' lang='lat' dir='ltr'>bacchiacus</span> <span class='ocrx_word' id='word_1_102' title='bbox 942 2283 1124 2324; x_wconf 89' lang='lat' dir='ltr'>dimeter</span> <span class='ocrx_word' id='word_1_103' title='bbox 1155 2282 1418 2324; x_wconf 89' lang='lat' dir='ltr'>acatalectus</span> 
     </span>
     <span class='ocr_line' id='line_1_20' title="bbox 465 2354 1537 2413; baseline -0.004 -15"><span class='ocrx_word' id='word_1_104' title='bbox 465 2390 476 2408; x_wconf 92' lang='lat'><em>,</em></span> <span class='ocrx_word' id='word_1_105' title='bbox 543 2357 619 2398; x_wconf 89' lang='lat'>261</span> <span class='ocrx_word' id='word_1_106' title='bbox 647 2364 690 2400; x_wconf 90' lang='lat' dir='ltr'>et</span> <span class='ocrx_word' id='word_1_107' title='bbox 725 2357 803 2413; x_wconf 88' lang='grc'>262</span> <span class='ocrx_word' id='word_1_108' title='bbox 836 2356 1061 2398; x_wconf 90' lang='lat' dir='ltr'>bacchiaci</span> <span class='ocrx_word' id='word_1_109' title='bbox 1093 2355 1276 2396; x_wconf 83' lang='lat' dir='ltr'>trimetri</span> <span class='ocrx_word' id='word_1_110' title='bbox 1308 2354 1537 2396; x_wconf 85' lang='lat' dir='ltr'>acatalecti</span> 
     </span>
     <span class='ocr_line' id='line_1_21' title="bbox 465 2428 1356 2484; baseline -0.004 -13"><span class='ocrx_word' id='word_1_111' title='bbox 465 2463 476 2480; x_wconf 91' lang='lat'><em>,</em></span> <span class='ocrx_word' id='word_1_112' title='bbox 542 2429 625 2484; x_wconf 89' lang='grc'>264</span> <span class='ocrx_word' id='word_1_113' title='bbox 655 2436 698 2471; x_wconf 91' lang='lat' dir='ltr'>et</span> <span class='ocrx_word' id='word_1_114' title='bbox 733 2429 811 2483; x_wconf 82' lang='lat'>265</span> <span class='ocrx_word' id='word_1_115' title='bbox 847 2428 1112 2483; x_wconf 87' lang='lat' dir='ltr'>anapaestici</span> <span class='ocrx_word' id='word_1_116' title='bbox 1144 2428 1356 2469; x_wconf 87' lang='lat' dir='ltr'>octonarii</span> 
     </span>
    </p>
   </div>
   <div class='ocr_carea' id='block_1_3' title="bbox 463 2539 818 2594">
    <p class='ocr_par' dir='ltr' id='par_1_3' title="bbox 463 2539 818 2594">
     <span class='ocr_line' id='line_1_22' title="bbox 463 2539 818 2594; baseline -0.006 -13"><span class='ocrx_word' id='word_1_117' title='bbox 463 2570 474 2588; x_wconf 90' lang='lat'>‚</span> <span class='ocrx_word' id='word_1_118' title='bbox 538 2539 619 2580; x_wconf 88' lang='lat'>266</span> <span class='ocrx_word' id='word_1_119' title='bbox 651 2539 708 2580; x_wconf 90' lang='lat' dir='ltr'>ad</span> <span class='ocrx_word' id='word_1_120' title='bbox 742 2550 818 2594; x_wconf 85' lang='lat'>271</span> 
     </span>
    </p>
   </div>
   <div class='ocr_carea' id='block_1_4' title="bbox 452 2500 1796 2987">
    <p class='ocr_par' dir='ltr' id='par_1_4' title="bbox 462 2500 1796 2700">
     <span class='ocr_line' id='line_1_23' title="bbox 888 2500 1793 2576; baseline 0 -33"><span class='ocrx_word' id='word_1_121' title='bbox 888 2503 1032 2544; x_wconf 89' lang='lat' dir='ltr'>cretici</span> <span class='ocrx_word' id='word_1_122' title='bbox 1064 2502 1302 2543; x_wconf 90' lang='lat' dir='ltr'>tetrametri</span> <span class='ocrx_word' id='word_1_123' title='bbox 1334 2500 1578 2542; x_wconf 88' lang='lat' dir='ltr'>catalectici</span> <span class='ocrx_word' id='word_1_124' title='bbox 1606 2503 1617 2554; x_wconf 74' lang='lat'>)</span> <span class='ocrx_word' id='word_1_125' title='bbox 1671 2535 1686 2576; x_wconf 68' lang='grc'><strong>1</strong></span> <span class='ocrx_word' id='word_1_126' title='bbox 1785 2536 1793 2543; x_wconf 89' lang='grc'><strong>.</strong></span> 
     </span>
     <span class='ocr_line' id='line_1_24' title="bbox 889 2544 1796 2616; baseline -0.006 0"><span class='ocrx_word' id='word_1_127' title='bbox 889 2575 1035 2616; x_wconf 88' lang='lat' dir='ltr'>cretici</span> <span class='ocrx_word' id='word_1_128' title='bbox 1067 2574 1248 2615; x_wconf 87' lang='lat' dir='ltr'>trimetri</span> <span class='ocrx_word' id='word_1_129' title='bbox 1281 2572 1509 2614; x_wconf 87' lang='lat' dir='ltr'>acatalecti</span> <span class='ocrx_word' id='word_1_130' title='bbox 1606 2558 1619 2616; x_wconf 61' lang='grc' dir='ltr'><em>ς</em></span> <span class='ocrx_word' id='word_1_131' title='bbox 1645 2551 1670 2577; x_wconf 68' lang='lat' dir='ltr'>a</span> <span class='ocrx_word' id='word_1_132' title='bbox 1691 2544 1796 2577; x_wconf 57' lang='lat' dir='ltr'>term</span> 
     </span>
     <span class='ocr_line' id='line_1_25' title="bbox 462 2644 1532 2700; baseline -0.003 -13"><span class='ocrx_word' id='word_1_133' title='bbox 462 2680 471 2695; x_wconf 95' lang='lat'>,</span> <span class='ocrx_word' id='word_1_134' title='bbox 535 2656 613 2699; x_wconf 89' lang='lat'>272</span> <span class='ocrx_word' id='word_1_135' title='bbox 647 2653 690 2688; x_wconf 91' lang='lat' dir='ltr'>et</span> <span class='ocrx_word' id='word_1_136' title='bbox 726 2659 804 2700; x_wconf 90' lang='grc'>273</span> <span class='ocrx_word' id='word_1_137' title='bbox 838 2647 987 2689; x_wconf 88' lang='lat' dir='ltr'>cretici</span> <span class='ocrx_word' id='word_1_138' title='bbox 1019 2646 1255 2687; x_wconf 89' lang='lat' dir='ltr'>tetrametri</span> <span class='ocrx_word' id='word_1_139' title='bbox 1288 2644 1532 2686; x_wconf 86' lang='lat' dir='ltr'>catalectici</span> 
     </span>
    </p>

    <p class='ocr_par' dir='ltr' id='par_1_5' title="bbox 469 2717 1409 2774">
     <span class='ocr_line' id='line_1_26' title="bbox 469 2717 1409 2774; baseline -0.003 -15"><span class='ocrx_word' id='word_1_140' title='bbox 469 2751 479 2768; x_wconf 94' lang='lat'><strong><em>,</em></strong></span> <span class='ocrx_word' id='word_1_141' title='bbox 543 2728 627 2774; x_wconf 87' lang='grc'>274</span> <span class='ocrx_word' id='word_1_142' title='bbox 658 2719 838 2761; x_wconf 88' lang='lat' dir='ltr'>creticus</span> <span class='ocrx_word' id='word_1_143' title='bbox 870 2724 1116 2760; x_wconf 89' lang='lat' dir='ltr'>tetrameter</span> <span class='ocrx_word' id='word_1_144' title='bbox 1146 2717 1409 2758; x_wconf 88' lang='lat' dir='ltr'>acatalectus</span> 
     </span>
    </p>

    <p class='ocr_par' dir='ltr' id='par_1_6' title="bbox 466 2789 1366 2845">
     <span class='ocr_line' id='line_1_27' title="bbox 466 2789 1366 2845; baseline -0.004 -13"><span class='ocrx_word' id='word_1_145' title='bbox 466 2822 476 2840; x_wconf 91' lang='lat'>,</span> <span class='ocrx_word' id='word_1_146' title='bbox 541 2801 619 2845; x_wconf 91' lang='grc'>275</span> <span class='ocrx_word' id='word_1_147' title='bbox 653 2791 836 2832; x_wconf 90' lang='lat' dir='ltr'>creticus</span> <span class='ocrx_word' id='word_1_148' title='bbox 866 2791 1059 2831; x_wconf 80' lang='lat' dir='ltr'>trimeter</span> <span class='ocrx_word' id='word_1_149' title='bbox 1091 2789 1366 2830; x_wconf 87' lang='lat' dir='ltr'>catalecticus</span> 
     </span>
    </p>

    <p class='ocr_par' dir='ltr' id='par_1_7' title="bbox 466 2859 1404 2914">
     <span class='ocr_line' id='line_1_28' title="bbox 466 2859 1404 2914; baseline -0.002 -13"><span class='ocrx_word' id='word_1_150' title='bbox 466 2892 475 2908; x_wconf 89' lang='lat'><strong>,</strong></span> <span class='ocrx_word' id='word_1_151' title='bbox 538 2861 619 2914; x_wconf 89' lang='lat'>276</span> <span class='ocrx_word' id='word_1_152' title='bbox 651 2862 834 2903; x_wconf 90' lang='lat' dir='ltr'>creticus</span> <span class='ocrx_word' id='word_1_153' title='bbox 865 2867 1112 2903; x_wconf 87' lang='lat' dir='ltr'>tetrameter</span> <span class='ocrx_word' id='word_1_154' title='bbox 1141 2859 1404 2900; x_wconf 89' lang='lat' dir='ltr'>acatalectus</span> 
     </span>
    </p>

    <p class='ocr_par' dir='ltr' id='par_1_8' title="bbox 452 2931 1595 2987">
     <span class='ocr_line' id='line_1_29' title="bbox 452 2931 1595 2987; baseline -0.002 -15"><span class='ocrx_word' id='word_1_155' title='bbox 452 2964 477 2979; x_wconf 88' lang='lat'>.‚</span> <span class='ocrx_word' id='word_1_156' title='bbox 542 2942 622 2987; x_wconf 91' lang='grc'>277</span> <span class='ocrx_word' id='word_1_157' title='bbox 653 2940 696 2974; x_wconf 93' lang='lat' dir='ltr'>et</span> <span class='ocrx_word' id='word_1_158' title='bbox 729 2936 809 2986; x_wconf 89' lang='grc'>278</span> <span class='ocrx_word' id='word_1_159' title='bbox 841 2933 1065 2975; x_wconf 87' lang='lat' dir='ltr'>bacchiaci</span> <span class='ocrx_word' id='word_1_160' title='bbox 1097 2932 1334 2972; x_wconf 87' lang='lat' dir='ltr'>tetrametri</span> <span class='ocrx_word' id='word_1_161' title='bbox 1365 2931 1595 2972; x_wconf 87' lang='lat' dir='ltr'>acatalecti</span> 
     </span>
    </p>
   </div>
   <div class='ocr_carea' id='block_1_5' title="bbox 469 3003 1536 3060">
    <p class='ocr_par' dir='ltr' id='par_1_9' title="bbox 469 3003 1536 3060">
     <span class='ocr_line' id='line_1_30' title="bbox 469 3003 1536 3060; baseline 0 -16"><span class='ocrx_word' id='word_1_162' title='bbox 469 3037 480 3053; x_wconf 91' lang='lat'><em>‚</em></span> <span class='ocrx_word' id='word_1_163' title='bbox 546 3015 625 3060; x_wconf 88' lang='lat'>279</span> <span class='ocrx_word' id='word_1_164' title='bbox 657 3010 700 3047; x_wconf 93' lang='lat' dir='ltr'>et</span> <span class='ocrx_word' id='word_1_165' title='bbox 734 3006 815 3046; x_wconf 88' lang='grc'>280</span> <span class='ocrx_word' id='word_1_166' title='bbox 847 3005 994 3047; x_wconf 85' lang='lat' dir='ltr'>cretici</span> <span class='ocrx_word' id='word_1_167' title='bbox 1024 3004 1262 3046; x_wconf 87' lang='lat' dir='ltr'>tetrametri</span> <span class='ocrx_word' id='word_1_168' title='bbox 1293 3003 1536 3044; x_wconf 89' lang='lat' dir='ltr'>catalectici</span> 
     </span>
    </p>
   </div>
  </div>
 </body>
</html>
