2116 3326
284 133 356 190 26
1024 143 1167 189 PLA
1182 142 1306 188 VTJ
1753 153 1838 197 111.
1855 156 1894 197 1.
1913 154 2034 198 1-16.

840 582 1218 655 ACTVS
1329 584 1479 656 III.

1075 787 1170 839 SC.
1205 793 1246 838 1.

731 920 1149 966 CALLICLES.
1217 923 1589 968 STASIMVS.

698 1036 881 1105 (Enler
897 1042 1046 1108 from
1091 1041 1395 1092 Charmz'des’
1433 1041 1615 1111 house.)

282 1146 389 1190 CA.
434 1139 553 1202 Quo
581 1140 739 1190 modo
767 1149 821 1190 tu
846 1142 990 1204 istuc,
1013 1141 1243 1205 Stasime,
1272 1144 1429 1193 dixti?
1469 1151 1566 1195 S'I'.
1586 1143 1835 1194 Nostrum
1861 1143 2034 1194 erilem

565 1227 726 1277 filium

279 1313 627 1363 Lesbonicum
654 1313 800 1363 suam
828 1330 1057 1365 sororem
1086 1315 1422 1382 despondisse
1445 1337 1455 1367 :
1497 1335 1595 1379 em,
1624 1317 1724 1369 hoc
1751 1317 1925 1367 modo,

282 1407 390 1450 CA.
432 1400 572 1463 Quoi
610 1401 805 1451 homini
844 1402 1151 1468 despondit?
1191 1411 1287 1455 ΒΤ.
1326 1405 1554 1467 Lussteh‘,
1595 1405 1841 1455 Philtonis
1879 1403 2000 1463 filio,

282 1487 403 1537 Sine
463 1488 597 1538 dote.
672 1494 780 1538 CA.
823 1487 943 1538 Sine
1006 1489 1125 1541 dote
1187 1491 1269 1541 ille
1328 1492 1465 1543 illam
1515 1493 1569 1542 in
1617 1491 1784 1543 tantas
1837 1489 2032 1541 divitias

566 1575 735 1625 dabit?
1931 1580 2034 1627 605

278 1662 403 1711 Non
442 1662 677 1713 credibile
716 1663 856 1714 dicis.
900 1671 996 1714 ΞΤ.
1023 1664 1092 1714 At
1123 1672 1227 1715 tute
1266 1664 1450 1732 edepol
1487 1666 1653 1716 nullus
1692 1664 1933 1716 creduas:
2010 1685 2033 1726 5

281 1748 335 1799 Si
374 1748 474 1799 hoc
520 1765 626 1799 non
672 1751 849 1812 credis,
891 1750 989 1816 ego
1036 1752 1377 1804 credidero..
1438 1757 1550 1804 CA.
1578 1752 1754 1816 Quid?
1808 1758 1905 1801 S'I'.
1946 1750 2036 1801 Me

565 1836 707 1885 nihili
739 1836 976 1901 pendere.

280 1928 389 1972 CA.
431 1921 604 1984 Quam
631 1923 825 1974 dudum
851 1925 978 1974 istuc
1005 1923 1091 1975 alit
1116 1927 1203 1975 ubi
1230 1929 1481 1977 actumst?
1522 1934 1615 1977 S'I'.
1640 1911 1779 1988 ΪΙίοο,
1808 1925 1891 1976 hic
1918 1933 2034 1975 ante

566 2010 785 2060 ostium:

277 2095 413 2147 Tam
439 2098 614 2158 modO,
641 2098 803 2163 inquit
829 2097 1202 2149 Praenestinus
1244 2107 1354 2150 CA.
1395 2099 1637 2151 Tantone
1670 2100 1724 2148 in
1753 2116 1807 2150 re
1837 2098 2035 2166 perdita

277 2183 451 2245 Quam
490 2185 542 2232 in
579 2201 633 2234 re
671 2184 807 2234 salva
845 2184 1163 2237 Lesbonicus
1203 2186 1364 2237 factus
1403 2196 1479 2237 est
1515 2186 1792 2252 frugalior?
1930 2190 2033 2236 610

275 2277 371 2321 S'I'.
404 2259 575 2336 Atque
614 2272 823 2337 quidem
861 2273 1002 2337 ipsus
1040 2271 1170 2323 filtro
1197 2274 1333 2323 venit
1369 2273 1540 2324 Philto
1578 2282 1779 2324 oratum
1816 2273 1938 2324 fssio.
1982 2295 2035 2324 10

277 2363 385 2407 CA.
427 2357 467 2406 F
519 2359 699 2423 gitium
737 2359 945 2424 quidem
982 2360 1152 2411 hercle
1190 2361 1291 2422 fiet,
1329 2362 1429 2412 nisi
1468 2361 1562 2411 dos
1601 2361 1801 2411 dabitur
1838 2361 2034 2427 virgini.

275 2443 542 2495 Postremo
582 2445 765 2511 edepol
801 2445 899 2511 ego
939 2448 1101 2498 istanc
1137 2448 1204 2498 ad
1241 2465 1325 2498 me
1363 2464 1472 2498 rem
1508 2447 1721 2498 attinere
1758 2447 2031 2514 intellego:

275 2516 372 2581 fbo
425 2532 491 2582 ad
539 2548 713 2582 meum
762 2534 1126 2599 castigatorem
1176 2540 1331 2601 atque
1382 2534 1448 2585 ab
1500 2550 1562 2584 eo
1622 2533 1893 2584 consilinm
1942 2552 2033 2602 pe-

562 2628 681 2669 tam.
1693 2618 1889 2689 (Exit.)

275 2710 371 2753 S'I'.
413 2703 799 2770 Propemodum
862 2706 985 2773 quid
1046 2707 1148 2757 illic
1210 2707 1414 2758 festinet
1476 2705 1640 2758 sentio
1715 2716 1765 2758 et
1833 2709 2033 2759 subolet

561 2791 683 2841 mihi
701 2809 712 2842 :
1927 2798 2029 2845 615

273 2855 345 2926 Vt
385 2892 509 2942 agro
548 2887 741 2929 evortat
779 2877 1144 2939 Lesbonicum,
1172 2878 1380 2945 quando
1419 2881 1598 2931 evortit
1635 2879 1862 2931 aedibus,
1979 2903 2028 2944 15

275 2963 323 3012 O
351 2979 433 3013 ere
461 2963 777 3027 CharmideS‚
804 2982 965 3032 quom
1003 2968 1201 3017 absenti
1238 2967 1321 3018 hic
1357 2963 1444 3017 uia
1481 2983 1560 3017 res
1600 2964 1889 3018 distrahitlir
1924 2967 2027 3031 tibi,
