2068 3310
53 147 139 190 III.
159 150 199 191 2.
216 146 395 190 81-102.
699 136 1147 182 TRINVMMVS.
1702 147 1733 202 3
1745 148 1765 182 1

55 279 310 347 (Turning
346 286 390 328 to
425 277 748 344 Lesbonicus.)
788 275 914 347 [ch
953 279 1055 342 agit
1092 279 1254 343 magis
1293 295 1355 328 ex
1394 278 1688 343 argumento
1727 291 1776 329 et

335 363 502 414 versus
539 363 769 412 meliores
806 364 939 413 facit.

55 435 221 499 Etiam
259 451 327 500 ob
366 449 621 499 stultitiam
658 457 795 497 tuam
833 457 882 497 te
920 447 1106 498 tueris?
1150 449 1372 497 multabo
1411 445 1586 517 mina.]

54 540 161 584 LE.
200 533 341 595 Quid
365 535 451 583 tibi
487 522 812 598 interpellatio
839 543 922 582 aut
957 535 1006 582 in
1043 534 1303 583 consilium
1337 534 1433 583 huc
1470 535 1775 584 accessiost?

54 626 150 669 ΒΤ.
186 619 383 669 Eodem
422 629 571 684 pacto
610 635 711 684 quo
750 617 847 668 ht'ic
880 620 1069 669 accessi
1105 620 1408 669 abscessero,
1482 626 1588 668 LE.
1630 619 1776 668 Ihac

331 702 533 754 mecum
569 704 794 762 domum,
1673 708 1774 753 710

53 788 326 853 Lysiteles:
379 790 445 839 ibi
484 790 546 839 de
585 790 688 838 istis
726 789 873 838 rebus
912 787 1052 853 plura
1089 788 1432 838 fabulabimur.
1720 798 1770 849 85

53 879 168 923 LY.
207 874 345 923 Nihil
384 890 484 939 ego
527 875 578 922 in
618 874 817 924 occulto
862 874 1011 939 agere
1055 874 1223 924 soleo:
1274 874 1418 924 meus
1462 884 1515 923 ut
1559 875 1777 924 animust

336 959 571 1025 eloquar:

55 1043 111 1093 Si
142 1043 262 1092 mihi
287 1053 372 1094 tua
406 1044 559 1104 soror,
587 1054 641 1094 ut
675 1059 772 1109 ego
807 1061 1024 1108 aequom
1059 1043 1257 1104 ce'nse0‚
1286 1045 1351 1093 ita
1385 1043 1597 1109 nuptiim
1634 1045 1777 1094 datur

55 1129 175 1179 Sine
214 1129 332 1178 dote
370 1145 532 1194 neque
571 1139 623 1179 tu
660 1130 777 1180 hinc
815 1129 1060 1190 abituru's,
1088 1130 1226 1194 quod
1264 1132 1352 1179 erit
1388 1147 1558 1180 meum
1597 1131 1646 1179 id
1685 1131 1776 1179 erit

334 1223 505 1265 tuom:

56 1299 145 1349 Sin
181 1300 318 1350 aliter
354 1300 601 1351 animatus
639 1318 708 1363 ες,
735 1303 866 1351 bene
905 1301 1042 1366 quod
1080 1317 1201 1365 agas
1240 1301 1436 1350 eveniat
1473 1302 1589 1350 tibi:
1673 1306 1772 1350 715

54 1370 170 1450 Ego
207 1386 397 1435 amicus
434 1386 711 1452 numquam
748 1388 834 1436 tibi
873 1403 958 1435 ero
996 1387 1093 1435 alio
1128 1386 1305 1450 pacto:
1360 1388 1429 1435 sic
1469 1386 1775 1435 sente'ntiast.

853 1469 1014 1536 (Exit
1035 1471 1322 1519 Lesbonicus
1346 1470 1609 1537 abruplly.)
1717 1493 1775 1533 90

56 1561 151 1605 ΒΤ.
190 1543 329 1606 Abiit
362 1557 526 1607 hercle
561 1557 656 1607 ille.
711 1557 892 1622 ecquid
927 1557 1083 1616 audis,
1113 1556 1389 1620 Lysiteles?
1437 1573 1532 1620 ego
1570 1556 1616 1605 te
1645 1551 1776 1607 volo.

912 1641 1068 1708 (Exit
1090 1641 1318 1705 Lysiteles
1342 1641 1600 1708 abruplly.)

56 1724 159 1776 Hic
203 1743 406 1793 quoque
451 1728 567 1777 hinc
611 1729 743 1777 abiit.
820 1726 1048 1787 Stasime,
1086 1737 1243 1776 restas
1289 1727 1453 1776 solus:
1513 1728 1633 1792 quid
1679 1743 1775 1792 ego

334 1811 470 1862 nunc
507 1829 656 1877 agam

56 1896 169 1947 Nisi
204 1899 273 1948 uti
312 1899 558 1948 sarcinam
597 1899 942 1963 constringam
981 1906 1030 1947 et
1068 1896 1301 1964 clupeum
1342 1898 1406 1946 ad
1445 1898 1649 1947 dorsum
1690 1899 1776 1947 ad-

334 1983 673 2043 commodem,

54 2065 342 2118 Fulmentas
380 2068 579 2118 iubeam
619 2070 856 2134 suppingi
894 2068 1088 2118 soccis?
1139 2084 1243 2118 non
1283 2069 1388 2118 sisti
1424 2078 1604 2132 potest.
1677 2074 1776 2118 720

54 2152 222 2202 Video
262 2153 487 2203 caculam
523 2155 791 2204 militarem
829 2154 910 2203 me
949 2154 1167 2203 futurum
1206 2153 1303 2202 hau
1341 2153 1554 2218 longius.
1724 2174 1776 2216 95

55 2227 223 2304 Atque
263 2239 481 2304 aliquem
525 2240 589 2289 ad
631 2256 802 2305 regem
849 2241 900 2288 in
945 2241 1174 2304 saginam
1216 2241 1267 2287 si
1300 2239 1413 2288 erus
1458 2255 1512 2288 se
1558 2239 1779 2288 coniexit

333 2342 494 2387 meuS‚

56 2410 225 2461 Credo
262 2410 326 2460 ad
365 2427 590 2462 summos
627 2410 1436 2476 bellatoresacrem—fugitorem
1475 2411 1596 2469 sore,
1634 2445 1752 2463 »Μ
1804 2417 1819 2449 λ

55 2480 123 2544 Et
149 2479 410 2560 captu-rum
437 2497 504 2546 ibi
531 2497 691 2562 spolia
716 2497 852 2546 illum
880 2496 1152 2561 qui-meo
1188 2513 1274 2546 ero
1309 2497 1548 2544 advorsus
1576 2495 1777 2545 venerit.

54 2565 276 2645 Egomet
301 2596 457 2646 quom
492 2583 745 2647 extemplo
780 2581 952 2631 arcum
986 2590 1034 2632 et
1069 2581 1352 2646 pharetram
1389 2582 1457 2629 mi
1491 2581 1540 2629 et
1575 2582 1779 2644 sagittas

335 2664 612 2731 sumpsero,
1677 2670 1776 2714 725

56 2748 321 2800 Cassidem
355 2750 407 2798 in
438 2749 910 2815 caput,—dormibo
949 2751 1193 2816 placidule
1231 2752 1281 2799 in
1321 2750 1657 2800 tabernaculo,
1700 2771 1779 2799 100

57 2821 142 2884 Ad
178 2834 342 2884 sorum
379 2836 497 2885 ibo:
544 2834 726 2885 nudius
763 2845 933 2886 sextus
970 2837 1095 2901 quoi
1132 2837 1369 2885 talentum
1408 2834 1639 2885 mutuom

58 2917 191 2969 Dedi
226 2935 505 2985 reposcam,
531 2930 585 2971 ut
621 2921 836 2971 habeam
873 2938 1073 2972 mecum
1111 2922 1250 2986 quod
1288 2921 1443 2971 feram
1480 2921 1727 2971 viaticum.
