2116 3326
204 153 276 211 52
941 142 1083 187 PLA
1100 142 1223 186 VTI
1699 151 1754 192 V.
1777 152 1815 193 2.
1841 160 1966 204 5—24.

207 289 329 339 Non
355 287 529 336 videor
556 283 800 332 meruisse
828 282 1046 342 laudem,
1078 281 1228 346 culpa
1255 282 1476 331 caruisse
1505 281 1732 332 arbitror.
1940 301 1962 340 5

206 376 344 426 Nam
394 371 714 430 beneficium,
767 368 961 417 homini
1013 368 1275 433 proprium
1328 368 1469 433 qued
1520 369 1680 429 datur,
1732 365 1967 433 prorsum

494 458 649 524 perit:
692 495 707 499 ..
747 474 772 492 2⁷
950 463 968 478 ·‘
1831 457 1964 502 1130

209 547 367 610 Quod
405 546 579 596 datum
616 540 923 602 utendumst,
953 541 1221 605 repetundi
1261 540 1311 589 id
1351 541 1564 606 cepiast,
1594 540 1802 606 quando
1830 540 1964 589 velis.

209 641 326 685 CH.
365 619 460 682 Est
498 634 566 681 ita
603 640 658 680 ut
697 638 750 678 tu
790 629 929 678 dicis.
972 628 1061 676 sed
1101 643 1199 692 ego
1238 627 1339 676 hoe
1379 627 1583 692 nequeo
1622 628 1796 676 mirari
1834 627 1952 676 satis

205 719 341 770 Eum
381 734 607 769 sororem
647 715 984 780 despondisse
1025 730 1169 762 suam
1208 714 1264 761 in
1303 721 1407 762 tam
1447 712 1631 762 fortem
1670 713 1929 763 familiam.

208 815 317 858 CA.
347 806 551 872 Lysiteli
592 802 795 869 quidem
835 800 1080 850 Philtonis
1120 799 1239 849 filio.
1318 805 1436 849 LY.
1463 798 1674 867 (Aside.)
1700 799 1853 848 Enim
1885 816 1967 848 me

494 891 740 941 nominat.
1918 907 1968 934 10

207 988 323 1032 CH.
350 979 617 1029 Familiam
656 985 923 1041 optumam
963 973 1243 1038 occupavit.
1292 979 1408 1022 LY.
1438 970 1647 1040 (Aside.)
1687 972 1828 1034 Quid
1867 989 1966 1037 ego

490 1079 635 1113 cesso
665 1064 760 1111 hos
789 1061 1067 1125 conloqui?
1830 1062 1965 1108 1135

207 1155 308 1206 sed
349 1167 586 1202 maneam
629 1150 795 1207 etiam,
837 1148 1050 1213 opinor:
1104 1164 1327 1213 namque
1372 1146 1472 1196 hoc
1516 1146 1850 1196 commodum
1886 1162 1967 1195 or-

496 1236 626 1288 ditur
651 1236 806 1300 loqui.

210 1335 324 1380 CH.
354 1326 485 1377 Vah.
527 1332 636 1374 CA.
666 1323 807 1383 Quid
835 1323 945 1371 est?
977 1327 1092 1370 CH.
1124 1320 1325 1371 Oblitus
1354 1321 1489 1370 intus
1517 1318 1711 1370 dudum
1738 1322 1827 1370 tibi
1855 1338 1967 1370 sum

493 1413 691 1462 dicere:

205 1503 369 1552 Modo
409 1501 478 1549 mi
517 1498 805 1548 advenienti
843 1504 1062 1561 nugator
1101 1494 1313 1559 quidam
1354 1495 1571 1544 occessit
1611 1495 1831 1551 obviarn,

203 1591 371 1640 Nimis
416 1586 777 1653 pergraphicus
822 1582 1151 1648 sycophanta.
1203 1582 1244 1631 is
1283 1582 1421 1631 mille
1463 1598 1733 1631 nummum
1780 1597 1832 1630 se
1881 1579 1966 1629 au-

490 1689 632 1723 reum
1918 1688 1966 1726 15

204 1763 328 1813 Meo
369 1763 490 1812 datu
527 1761 615 1810 tibi
653 1758 779 1808 ferre
821 1766 870 1807 et
909 1764 1066 1822 gnato
1106 1756 1400 1806 Lesbonico
1440 1755 1575 1806 aibat
1614 1771 1760 1804 meo:
1832 1758 1966 1803 1140

205 1851 377 1912 Quem
409 1849 506 1913 ego
547 1864 642 1896 nec
683 1845 769 1911 qui
801 1853 935 1894 esset
974 1843 1218 1892 noveram
1258 1859 1426 1908 neque
1458 1841 1677 1908 usquam
1717 1841 1970 1906 conspexi

492 1935 643 1999 pnus

208 2024 308 2074 Sed
347 2022 468 2089 quid
505 2021 672 2070 rides?
715 2025 824 2068 CA.
853 2017 977 2066 Meo
1017 2017 1255 2081 adlegatu
1293 2016 1442 2077 venit,
1481 2016 1625 2081 quasi
1665 2017 1750 2081 qui
1789 2013 1965 2064 aurum

494 2107 617 2156 mihi
1155 2152 1158 2153 ⁷

206 2197 377 2247 Ferret
417 2197 507 2245 abs
546 2205 594 2244 te
634 2193 774 2258 quod
814 2192 986 2241 darem
1024 2200 1140 2239 tuae
1179 2189 1364 2255 gnatae
1404 2189 1608 2239 dotem:
1649 2197 1703 2238 ut
1743 2188 1877 2237 filius

207 2283 372 2345 Tuos,
411 2281 617 2348 quando
669 2280 735 2328 illi
787 2295 816 2327 a
865 2278 947 2327 me
999 2277 1188 2338 darem,
1229 2293 1341 2327 esse
1393 2276 1619 2325 adlatum
1670 2275 1722 2324 id
1777 2277 1868 2324 abs
1918 2284 1966 2324 te

495 2368 719 2418 crederet
1915 2383 1967 2411 20

206 2457 324 2508 Neu
363 2458 449 2522 qui
486 2472 595 2505 rem
634 2456 798 2520 ipsam
837 2452 1010 2518 posset
1046 2450 1353 2516 intellegere,
1393 2447 1726 2499 thensaurum
1765 2457 1910 2498 tuom

209 2544 299 2593 Me
351 2559 510 2609 penes
563 2558 689 2601 esse,
737 2547 889 2605 atque
935 2537 964 2587 a'.
1013 2555 1097 2587 me
1142 2538 1255 2602 lege
1300 2535 1477 2602 pepuli
1523 2536 1741 2600 patrium
1785 2534 1967 2600 posce-

496 2637 584 2678 ret.
1832 2625 1966 2671 1146

213 2724 328 2769 CH.
368 2717 502 2782 Scite
548 2714 749 2779 edepol.
805 2719 913 2762 CA.
943 2710 1310 2776 Megarenides
1358 2706 1631 2757 communis
1675 2708 1776 2758 hoc
1821 2724 1968 2757 meus

498 2802 547 2852 et
573 2811 689 2850 tuos

210 2891 531 2942 Benevolens
578 2887 916 2938 commentust.
983 2892 1098 2935 CH.
1128 2884 1268 2947 Quin
1313 2880 1567 2934 conlaudo
1609 2882 1878 2933 consilium
1919 2880 1968 2930 et

495 2976 676 3041 probo.
