2068 3310
116 159 194 203 IV.
217 161 256 202 2.
280 160 460 216 89—109.
764 152 1218 201 TRJNVMMVS.
1784 168 1851 217 41

118 297 232 340 CH.
264 289 395 352 Eho,

116 365 200 425 Ᾰη
238 377 390 426 etiam
427 376 662 428 Arabiast
706 379 757 428 in
796 380 998 432 Ponto?
1062 389 1170 432 SY.
1209 382 1332 434 Est:
1383 384 1489 434 non
1533 385 1614 436 illa
1652 386 1737 435 ubi
1778 395 1856 436 tus

398 465 634 528 gignitur,
1803 482 1855 535 89

116 545 218 597 Sed
253 548 338 597 ubi
377 548 684 600 absinthitim
721 552 773 601 fit
812 569 870 602 ac
910 554 1076 602 cunila
1114 554 1405 617 gallinacea.
1753 561 1852 606 935

117 640 230 683 CH.
262 632 470 702 (Aside.)
500 635 731 686 Nimium
770 638 1068 704 graphicum
1106 640 1240 690 hunc
1280 640 1594 707 migatorem.
1629 642 1719 693 sed
1758 659 1855 708 ego

399 737 509 770 sum
536 722 861 787 insipientior,

114 803 217 866 Qui
259 802 463 870 egomet
505 807 641 856 unde
685 807 889 858 redeam
927 809 1060 859 hunc
1106 812 1338 876 rogitem,
1375 829 1504 878 quae
1552 813 1650 878 ego
1697 814 1855 863 sciam

397 901 546 957 atque
574 893 654 942 hic
681 893 897 945 nesciat:

115 976 229 1026 Nisi
269 979 386 1043 quia
422 978 561 1028 lubet
599 979 813 1044 experiri
852 999 953 1047 quo
994 982 1251 1033 evasurust
1291 983 1524 1049 de‘nique.
1800 1006 1853 1048 93

115 1061 335 1130 (Aloud.)
365 1063 465 1113 Sed
495 1066 617 1130 quid
649 1067 755 1115 ais?
801 1083 903 1132 quo
931 1070 1047 1119 inde
1075 1071 1155 1139 isti
1182 1072 1370 1136 porro?
1411 1077 1516 1120 SY.
1547 1071 1597 1120 Si
1628 1072 1856 1122 {inimum
1929 1085 1939 1099 ·’

396 1149 642 1210 advortes‚
670 1151 910 1218 eloquar:
1800 1180 1853 1220 97

113 1222 197 1283 Ad
231 1244 380 1299 caput
416 1237 580 1286 amnis
615 1238 703 1303 qui
738 1239 799 1287 de
837 1240 977 1289 caelo
1018 1240 1238 1290 exoritur
1275 1243 1367 1291 sub
1407 1241 1532 1290 solio
1561 1241 1709 1291 Iovis.
1752 1247 1852 1293 940

115 1326 230 1371 CH.
261 1319 364 1371 Slib
392 1322 518 1372 solio
545 1323 713 1372 Iovis?
742 1331 846 1374 SY.
870 1325 944 1375 Ita
972 1327 1100 1377 dico.
1144 1334 1255 1377 CH.
1285 1328 1329 1377 E
1357 1328 1532 1378 caelo?
1561 1334 1665 1377 SY.
1685 1329 1854 1395 Atque

395 1423 422 1457 e
450 1408 619 1458 medio
648 1410 867 1475 quidem.

113 1498 228 1542 CH.
264 1491 395 1554 Eho,

112 1565 197 1626 Ᾰῐι
234 1579 385 1628 etiam
423 1580 475 1628 in
513 1581 706 1631 caelum
746 1582 1046 1634 escendisti?
1085 1591 1187 1633 SY.
1219 1585 1386 1635 Immo
1425 1585 1619 1635 horiola
1657 1581 1854 1637 advecti

395 1681 568 1716 sumus
1773 1695 1852 1723 100

112 1731 286 1817 <Isque
324 1767 459 1816 aqua
494 1753 707 1803 advorsa
752 1772 841 1820 per
882 1771 1100 1806 amnem.
1148 1763 1260 1806 CH.
1291 1757 1375 1805 An
1413 1767 1466 1806 tu
1508 1758 1659 1807 etiarn
1686 1760 1853 1809 vidisti

395 1838 606 1888 Iovem?

110 1926 214 1972 SY.
241 1909 372 1972 Eum
415 1925 496 1974 alii
537 1926 587 1975 di
631 1927 729 1976 isse
774 1926 838 1976 ad
876 1927 1042 1976 vinam
1079 1928 1248 1977 aibant
1294 1929 1444 1977 servis
1491 1929 1850 1996 depromptiim

392 2011 576 2061 cibum.

107 2090 305 2144 Deinde
348 2112 580 2161 porro..
631 2106 744 2149 CH.
781 2099 983 2150 Deinde
1030 2116 1181 2166 porro
1224 2100 1344 2150 nolo
1392 2102 1665 2166 quicquam
1708 2103 1849 2168 prae-

392 2183 544 2234 dices.
1745 2194 1844 2238 945

108 2270 212 2314 SY.
245 2265 393 2317 Tdceo
433 2287 515 2336 ego
559 2270 742 2333 hercle,
791 2274 832 2321 si
874 2272 1209 2322 molestumst.
1264 2280 1377 2323 CH.
1420 2272 1558 2323 Nam
1603 2275 1846 2339 pudicum

389 2355 648 2406 neminem

107 2437 406 2489 Prae‘dz’care
443 2443 642 2508 oportet
679 2445 766 2509 qui
803 2446 892 2494 abs
920 2454 1059 2494 terra
1097 2444 1161 2494 §.d
1200 2445 1394 2495 caelum
1433 2445 1722 2509 pervenerit.
1766 2469 1843 2509 105

107 2529 213 2574 SY.
238 2523 444 2576 Fa'iciam
487 2529 572 2586 ita,
610 2538 664 2578 ut
703 2539 751 2580 te
788 2531 913 2580 velle
951 2531 1113 2581 video.
1154 2531 1244 2582 sed
1288 2540 1515 2580 monstra
1556 2531 1712 2581 hosce
1753 2533 1845 2583 ho-

388 2612 552 2662 mines
578 2614 703 2664 mihi

85 2692 254 2754 -Quos
290 2712 388 2760 ego
423 2714 628 2762 quaem,
656 2702 839 2766 quibus
876 2718 959 2751 me
994 2712 1192 2768 oportet
1231 2702 1321 2751 heis
1362 2702 1552 2752 deferre
1591 2704 1843 2768 epistulas.

105 2784 219 2828 CH.
262 2779 402 2842 Quid
438 2784 544 2833 ais?
583 2793 636 2834 tu
674 2802 809 2836 nunc
849 2789 890 2836 si
926 2788 1053 2838 forte
1092 2805 1301 2854 eumpse
1343 2789 1673 2839 Cheirmidem
1719 2806 1840 2839 con-

392 2867 614 2932 spexeris
1742 2878 1843 2924 950

109 2933 258 2998 ΪΙΙιιῐη
295 2967 446 3017 quem
483 2955 570 3004 tibi
608 2955 727 3006 istzis
765 2957 962 3008 dedisse
1001 2959 1355 3010 conmemoras
1393 2962 1645 3027 epistulaS,
