2116 3326
236 154 306 211 28
973 156 1114 202 PLA
1131 156 1254 201 VTI
1686 167 1772 209 111.
1795 168 1835 210 2.
1858 178 1984 222 9-33.

232 312 348 356 LY.
377 304 525 357 Tuae
560 304 631 354 rei
667 304 797 353 bene
826 299 1090 352 consulere
1126 300 1295 367 cupiO.
1334 306 1443 350 LE.
1472 298 1593 350 Tun
1627 302 1697 350 mi
1724 317 1778 352 es
1805 299 1984 349 melior

521 407 677 457 quam
703 389 801 455 ego
829 388 985 437 mihi?
1880 390 1981 436 635

235 479 323 530 Sat
373 480 533 545 sapi0‚
584 478 702 527 satis
752 477 806 525 in
855 492 963 524 rem
1015 490 1146 540 quae
1199 474 1297 524 sint
1345 472 1514 524 meam
1565 491 1664 540 ego
1722 471 1983 538 conspicio

518 565 656 614 mihi.
1934 579 1985 607 10

233 658 345 701 LY.
389 640 474 701 Ᾰη
516 652 569 701 id
619 658 694 700 est
746 665 938 715 sapere,
982 655 1036 697 ut
1082 648 1171 713 qui
1222 647 1531 697 beneficium
1573 663 1603 697 a
1646 645 1984 697 benevolente

518 737 785 803 repudies?

232 832 342 877 LE.
382 824 591 875 Nullum
618 825 924 875 beneficium
952 823 1062 873 e'sse
1100 823 1231 872 duco
1259 822 1327 883 id,
1356 822 1516 888 quom
1543 822 1665 889 quoi
1691 821 1848 871 facias
1876 820 1983 871 non

516 912 696 978 placet,

234 1000 352 1050 Scio
380 1016 478 1065 ego
507 1009 555 1049 et
583 1000 745 1050 sentio
774 1000 885 1063 ipse
913 998 1034 1064 quid
1061 1014 1212 1064 agam
1239 996 1405 1063 neque
1432 1011 1578 1045 mens
1605 994 1773 1046 officio
1800 995 1985 1059 migrat

233 1087 344 1137 Nec
383 1088 479 1136 tuis
518 1086 738 1151 depellar
777 1086 920 1135 dictis
961 1087 1087 1151 quin
1125 1085 1315 1135 rumori
1356 1083 1582 1133 se'rviam.
1881 1085 1984 1131 640

231 1179 346 1224 LY.
387 1172 530 1234 Quid
568 1173 675 1222 ais?
718 1189 838 1222 nam
879 1171 1081 1221 retineri
1121 1187 1323 1237 nequeo
1367 1171 1492 1236 quin
1537 1170 1706 1220 dicam
1748 1185 1809 1219 ea
1854 1184 1986 1234 quae

518 1260 780 1325 promeres
804 1278 813 1309 :
1934 1275 1984 1318 15

232 1334 347 1398 stan
386 1348 597 1398 tandem
635 1347 766 1396 hanc
805 1346 1024 1396 maiores
1063 1346 1256 1396 famam
1294 1345 1605 1396 tradiderunt
1643 1345 1733 1394 tibi
1772 1344 1856 1405 tui⁷

231 1418 301 1485 Vt
338 1435 515 1484 virtute
554 1449 730 1483 eorum
769 1432 1031 1498 anteperta
1068 1432 1159 1498 pe'r
1197 1433 1444 1498 flagitium
1481 1431 1722 1497 perderes

230 1511 401 1588 Atque
439 1520 620 1571 honori
657 1519 977 1585 posterorum
1014 1519 1216 1569 tuorum
1254 1528 1308 1569 ut
1345 1519 1532 1568 vindex
1571 1518 1754 1568 fieres?

230 1609 352 1659 Tibi
390 1616 632 1673 paterque
672 1606 893 1672 avosque
931 1606 1132 1656 facilem
1171 1605 1288 1655 fecit
1325 1614 1372 1655 et
1410 1604 1617 1670 planam
1655 1605 1789 1653 viam
1874 1605 1977 1652 645

230 1683 315 1745 Ad
353 1695 710 1761 quaerundum
742 1694 1023 1743 honorem:
1065 1702 1119 1742 tu
1158 1692 1318 1743 fecisti
1355 1701 1410 1742 ut
1450 1692 1666 1742 difficilis
1704 1690 1849 1753 foret,
1931 1710 1984 1738 20

230 1772 398 1847 Culpa
434 1774 676 1831 maxuma
715 1779 764 1829 et
803 1774 998 1829 desidia
1035 1780 1235 1845 tuisque
1274 1779 1435 1829 stultis
1474 1778 1719 1827 moribus,

229 1868 595 1933 Praeoptavisti
634 1867 863 1917 amorem
900 1876 1045 1916 tuom
1082 1872 1134 1915 lu
1172 1866 1338 1915 virtuti
1375 1874 1431 1915 ut
1467 1864 1840 1930 praeponeres:

230 1953 383 2006 Nunc
422 1964 472 2005 te
509 1954 608 2004 hoc
642 1955 777 2004 facto
814 1952 975 2003 credis
1013 1969 1165 2019 posse
1205 1952 1445 2018 obte'gere
1483 1952 1680 2002 errata?
1738 1949 1850 2010 aha,
1877 1949 1985 1999 non

514 2042 645 2091 itast.

231 2126 371 2193 Cape
399 2129 467 2178 sis
494 2129 732 2178 virtutem
758 2127 931 2178 animo
960 2136 1008 2178 et
1035 2127 1189 2177 corde
1217 2125 1413 2192 expelle
1441 2123 1690 2175 desidiam
1717 2131 1821 2173 tuo,
1881 2126 1983 2172 650

229 2203 401 2282 Atque
440 2217 592 2266 istum
637 2232 735 2282 ego
773 2232 954 2282 agrum
998 2216 1090 2264 tibi
1133 2215 1347 2280 relinqui
1387 2215 1456 2264 ob
1499 2212 1613 2263 eam
1653 2227 1761 2262 rem
1800 2209 1985 2260 denixe

515 2303 717 2369 expeto,
1932 2305 1985 2347 26

227 2369 297 2441 <It
335 2392 425 2440 tibi
464 2391 524 2441 sit
563 2391 648 2456 qui
687 2389 735 2440 te
775 2389 1036 2455 contigere
1075 2387 1270 2454 possis:
1310 2403 1376 2437 ne
1414 2386 1628 2436 omnino
1667 2383 1898 2449 inopiam

228 2478 380 2528 Cives
419 2477 672 2528 obiectare
711 2477 909 2542 possint
947 2477 1051 2537 tibi,
1080 2491 1210 2541 quos
1248 2484 1303 2524 tu
1340 2472 1574 2523 inimicos
1613 2471 1788 2520 habes.

227 2571 335 2614 LE.
377 2551 567 2614 &mnia
622 2579 721 2630 ego
770 2564 926 2613 istaec
983 2561 1114 2629 quae
1166 2570 1221 2611 tu
1271 2560 1395 2610 dixti
1447 2559 1572 2620 sci0‚
1617 2557 1695 2606 vel
1747 2555 1982 2622 exsigna-

514 2666 663 2700 vero:
1878 2645 1980 2692 655

228 2718 300 2786 <It
337 2753 445 2786 rem
482 2739 697 2802 patriam
737 2744 786 2786 et
824 2735 1036 2801 gloriam
1076 2734 1328 2784 maiorum
1366 2731 1619 2782 foedarim
1657 2746 1848 2795 meum.
1928 2749 1982 2790 30

231 2824 437 2874 Scibam
473 2833 528 2872 ut
567 2839 678 2873 esse
717 2822 800 2872 me
840 2823 1056 2882 deceret,
1086 2820 1250 2870 facere
1289 2835 1396 2869 non
1435 2817 1642 2884 quibam
1679 2817 1860 2866 miser:

230 2896 310 2960 sta
346 2910 393 2958 vi
430 2910 644 2960 Veneris
683 2910 896 2971 vinctus,
923 2909 1028 2958 otio
1068 2907 1216 2972 aptus
1254 2907 1306 2954 in
1344 2905 1574 2955 fraudem
1612 2903 1798 2954 incidi:

232 2998 333 3049 Sed
370 2997 459 3048 tibi
496 3013 631 3048 nunc
669 2996 882 3062 proinde
921 2992 975 3045 ut
1012 3010 1204 3044 merere
1243 2990 1470 3043 summas
1511 2991 1678 3042 habeo
1716 2988 1915 3056 gratias
