2068 3310
121 177 182 219 ΙΙ.
206 175 243 218 4.
265 173 420 228 63-94.
781 157 1236 205 TRINVMMVS.
1785 162 1815 201 2
1827 162 1848 198 1
1870 150 1878 155 '

125 306 178 356 Si
213 304 422 355 verbum
461 301 726 352 addideris
800 307 893 350 ST.
937 298 1123 348 Hercle
1162 297 1247 362 qui
1285 294 1449 346 dicam
1487 304 1683 345 tamen:

123 392 260 441 Nam
298 392 342 440 si
380 390 451 440 sic
489 404 594 438 non
629 386 810 447 licebit,
838 386 1006 435 luscus
1045 384 1236 435 dixero,
1753 384 1853 430 465

123 484 241 528 PH.
279 477 358 526 Ita
395 473 531 525 minc
568 483 622 523 tu
660 473 782 522 dicis
821 472 926 521 non
965 487 1075 520 esse
1115 467 1497 534 aequiperabilis
1800 473 1851 526 65

121 562 335 613 Vostras
374 577 488 611 cum
527 559 712 608 nostris
751 557 995 607 factiones
1033 555 1182 620 atque
1222 554 1382 619 opes?

121 656 230 699 LE.
267 648 415 698 Dico.
478 653 596 700 PH.
635 645 807 706 Quid?
847 659 981 692 nunc
1010 643 1050 692 si
1075 643 1124 691 in
1159 641 1336 691 aedem
1364 640 1428 689 ad
1455 655 1632 690 cenam
1661 637 1854 687 veneris

121 736 290 801 Atque
327 735 397 783 ibi
434 733 705 798 opulentus
742 730 830 778 tibi
866 745 956 794 par
994 727 1120 777 forte
1159 725 1446 776 obvenerit:

123 821 374 887 Adposita
412 834 538 869 cena
576 818 650 877 sit,
678 815 974 882 popularem
1014 812 1168 878 quam
1206 820 1418 861 vocant:
1752 813 1852 858 470

124 907 177 958 Si
212 907 282 956 illi
319 913 591 970 congestae
633 903 730 952 sint
769 900 946 965 epulae
986 915 1015 948 a
1053 897 1347 956 ementibus,
1803 915 1854 958 70

126 993 305 1058 Siquid
340 991 429 1041 tibi
466 991 663 1055 placeat
701 986 841 1053 quod
878 985 945 1034 illi
985 981 1283 1048 congestum
1323 983 1426 1043 siet,

122 1079 316 1129 Edisne
353 1093 419 1127 an
455 1074 719 1126 incenatus
759 1089 875 1123 cum
914 1072 1154 1137 opulento
1194 1070 1443 1119 accubes?

122 1170 229 1215 LE.
269 1164 437 1223 Edim,
465 1162 560 1212 nisi
600 1162 639 1211 si
678 1160 756 1209 ille
794 1159 944 1207 votet.
1019 1163 1113 1205 S'I'.
1153 1157 1224 1205 At
1260 1155 1347 1220 pol
1386 1169 1499 1220 egO,
1527 1155 1620 1203 etsi
1657 1162 1805 1213 votet,

121 1250 275 1300 Edim
311 1249 460 1314 atque
499 1248 745 1298 ambabus
781 1244 927 1293 malis
966 1242 1178 1308 expletis
1215 1257 1402 1299 vorem,
1752 1243 1851 1288 475

119 1336 187 1387 Et
223 1336 360 1402 quod
397 1335 464 1384 illi
501 1335 707 1399 placeat,
735 1330 1036 1397 praeripiam
1074 1329 1438 1393 potissumum:
1803 1345 1851 1387 75

121 1422 303 1488 Neque
340 1422 411 1472 illi
447 1420 726 1471 concedam
764 1418 1037 1483 quicquam
1075 1415 1136 1463 de
1176 1413 1273 1463 vita
1311 1428 1526 1484 mea?

120 1507 465 1558 Verecundari
503 1505 761 1554 neminem
799 1502 935 1567 apud
972 1499 1203 1549 mensam
1241 1498 1415 1547 decet:

121 1594 257 1645 Nam
294 1595 362 1643 ibi
401 1593 465 1643 de
505 1592 683 1642 divinis
721 1590 870 1654 atque
909 1588 1142 1637 humanis
1181 1585 1410 1635 cernitur.

119 1687 237 1729 PH.
277 1680 410 1729 Rem
447 1678 682 1728 febulare.
758 1682 851 1724 ST.
894 1674 1015 1723 Non
1055 1673 1171 1723 dolo
1211 1671 1375 1721 dicam
1412 1671 1530 1720 tibi:
1750 1673 1852 1719 480

119 1766 383 1816 Decedam
421 1781 519 1830 ego
556 1764 624 1812 illi
662 1762 724 1812 de
761 1763 853 1821 via,
884 1761 946 1810 de
984 1759 1176 1819 semita,
1798 1766 1853 1805 80

119 1853 200 1903 De
237 1852 432 1902 honore
469 1850 676 1916 populi:
716 1847 887 1897 verum
927 1847 1064 1912 quod
1106 1845 1169 1895 ad
1206 1852 1432 1892 ventrem
1471 1841 1660 1901 attinet,

120 1938 243 1989 Non
279 1938 445 1988 hercle
476 1937 574 1986 hoc
610 1936 780 2000 longe,
808 1934 905 1983 nisi
942 1949 1023 1982 me
1063 1931 1245 1997 pugnis
1285 1930 1467 1979 vicerit.

121 2024 264 2075 Cena
299 2023 396 2073 hac
435 2015 688 2083 annonast
726 2021 833 2070 sine
874 2020 1026 2069 sacris
1063 2017 1323 2067 hereditas.

120 2117 235 2160 PH.
279 2108 490 2174 Semper
527 2117 580 2158 tu
619 2107 784 2166 facim,
814 2104 1114 2164 Lesbonice‚
1139 2103 1238 2152 hoc
1277 2101 1483 2165 cogites,
1751 2101 1850 2147 485

120 2195 182 2245 Id
218 2197 486 2262 optumum
524 2209 634 2244 esse
671 2190 776 2242 tute
814 2192 885 2241 uti
925 2191 991 2239 sis
1030 2190 1294 2254 optumus:
1797 2193 1848 2245 85

122 2281 174 2331 Si
210 2282 262 2331 id
298 2280 538 2346 nequeas,
565 2279 742 2329 saltem
779 2287 833 2326 ut
871 2276 1091 2341 optumis
1131 2275 1197 2324 sis
1235 2273 1526 2339 proxumus.

120 2366 272 2417 Nunc
298 2366 653 2416 condicionem
679 2364 824 2423 hane,
853 2378 1006 2427 quam
1035 2361 1132 2426 ego
1159 2360 1264 2408 fero
1292 2368 1339 2408 et
1359 2372 1511 2423 quam
1537 2356 1625 2404 abs
1647 2354 1693 2403 te
1714 2362 1849 2419 peto,

119 2451 255 2503 Dare
293 2451 442 2517 {itque
480 2451 722 2515 accipere,
751 2442 1047 2506 Lesbonice‚
1077 2445 1122 2494 te
1160 2444 1290 2494 volo.

119 2537 188 2587 Di
226 2538 402 2588 divites
441 2545 571 2595 sunt,
599 2535 722 2584 deos
761 2534 943 2583 decent
980 2531 1267 2596 opulentiae
1748 2527 1849 2572 490

119 2623 186 2673 Et
222 2623 498 2673 factiones:
538 2621 711 2671 verum
749 2636 844 2669 nos
883 2617 1176 2668 homunculi
1794 2631 1850 2673 90

79 2702 82 2705 “
122 2707 396 2758 Scintillula
432 2709 644 2769 animae,
672 2706 825 2772 quam
865 2721 1021 2769 quom
1060 2703 1314 2768 extemplo
1353 2701 1627 2760 emisimus,

121 2793 302 2859 Aequo
339 2794 604 2842 mendicus
642 2791 791 2856 atque
829 2774 913 2840 ille
948 2790 1375 2854 opulentissumus

121 2877 367 2929 Censetur
404 2894 560 2928 censu
597 2879 662 2928 ad
699 2866 1041 2927 Acheruntem
1079 2875 1318 2923 mortuos.

122 2969 218 3012 ΒΤ.
255 2960 442 3012 Mirum
480 2964 602 3028 quin
638 2973 690 3012 tu
728 2963 811 3013 illo
848 2962 1012 3012 tecum
1052 2958 1242 3010 divitias
1280 2959 1438 3008 feras:
1746 2961 1844 3007 495
