2116 3326
208 176 236 227 8
941 175 1082 220 PLA
1097 174 1222 220 VT]
1628 182 1663 222 I.
1687 181 1725 222 2.
1754 192 1967 234 100-130.

207 329 297 378 Ille
337 327 424 393 qui
461 325 720 375 mandavit
759 322 1036 372 exturbasti
1075 338 1137 371 ex
1177 320 1428 370 aedibus?
1890 338 1967 367 100

206 416 408 481 Edepel
446 413 747 463 mandatum
785 409 957 476 pulcre
999 419 1047 459 et
1087 405 1316 458 curatum
1355 407 1534 472 probe.

208 503 374 554 Crede
412 502 529 550 huic
568 499 804 548 tutelam:
847 496 993 547 suam
1032 512 1137 545 rem
1179 495 1359 544 melius
1398 492 1626 558 gesserit.

210 598 320 641 CA.
364 588 569 652 Subigis
608 584 891 634 maledictis
929 582 1013 632 me
1053 583 1163 643 tuis,
1194 580 1577 645 Megarenides,
1870 583 1966 628 140

208 677 359 727 Nove
399 675 558 724 modo
598 673 728 722 adeo
769 681 823 721 ut
862 671 1002 736 qued
1040 686 1186 719 meae
1228 668 1625 719 concreditumst

209 761 564 813 Taciturnitati
604 758 751 818 clam,
780 758 880 807 fide
922 766 970 806 et
1008 755 1240 817 fiduciae,
1891 775 1965 815 105

208 850 289 900 Ne
329 846 645 898 enuntiarem
685 846 961 911 quoiquam
1000 860 1101 893 neu
1139 842 1358 893 facerem
1397 842 1581 908 palam,

207 937 278 986 Vt
317 936 445 985 mihi
484 950 696 984 necesse
737 933 800 982 sit
838 932 938 981 iam
977 931 1028 979 id
1065 931 1154 979 tibi
1194 928 1516 979 concredere.

208 1031 333 1074 ME.
374 1023 504 1072 Mihi
544 1021 683 1086 qued
725 1018 1010 1078 credideris,
1041 1016 1212 1067 sumes
1250 1018 1339 1066 ubi
1378 1017 1642 1082 posiveris.
1870 1020 1967 1065 145

211 1119 319 1161 CA.
363 1107 840 1172 Circumspicedum
878 1115 943 1166 te,
971 1104 1152 1170 nequis
1191 1105 1322 1154 adsit
1361 1103 1544 1153 arbiter

211 1198 391 1258 Nobis,
421 1205 469 1246 et
507 1211 699 1261 quaeso
739 1192 1019 1243 identidem
1060 1190 1409 1256 circumspice.
1891 1211 1970 1239 110

210 1294 333 1336 ME.
377 1286 551 1352 (Afler
577 1283 768 1348 lookz'ng
799 1280 993 1348 round.)
1032 1278 1282 1330 Ausculto
1325 1279 1491 1345 siquid
1531 1280 1686 1329 dicas.
1767 1285 1876 1329 CA.
1920 1279 1972 1328 Si

499 1370 684 1430 taceaS,
714 1370 907 1435 loquar.

213 1460 476 1522 Quoniam
515 1459 774 1525 profectus
813 1458 932 1506 hinc
973 1466 1047 1506 est
1086 1472 1297 1521 peregre
1338 1454 1660 1515 CharmideS‚

212 1546 575 1599 Thensaurum
615 1544 980 1595 demonstravit
1019 1544 1141 1592 mihi
1182 1543 1237 1592 in
1274 1543 1414 1593 hisce
1453 1542 1678 1603 aedibus,
1873 1546 1971 1591 150

214 1636 315 1686 Hic
356 1637 407 1684 in
447 1634 676 1685 conclavi
716 1632 956 1698 quedam.
999 1631 1089 1681 sed
1128 1628 1478 1695 circumspice.

213 1733 338 1775 ME.
380 1724 552 1774 Nemo
580 1724 658 1772 hic
679 1731 768 1771 est.
811 1728 919 1771 CA.
963 1720 1249 1769 Nummum
1266 1719 1594 1785 Philippeum
1613 1719 1679 1768 ad
1707 1719 1796 1769 tria
1817 1718 1970 1768 milia.

213 1814 276 1863 Id
315 1812 452 1862 selus
493 1811 657 1860 solum
696 1808 789 1874 per
827 1808 1103 1858 amicitiam
1143 1815 1192 1857 et
1230 1806 1323 1872 per
1361 1806 1517 1856 fidem
1894 1815 1974 1856 116

212 1901 366 1950 Flens
404 1915 486 1948 me
525 1897 809 1947 ebsecravit
847 1895 938 1946 sue
978 1911 1042 1943 ne
1083 1902 1240 1960 gnato
1280 1893 1544 1944 crederem

215 1988 333 2037 Neu
373 1987 667 2052 quoiquam,
696 1983 834 2033 unde
873 1983 938 2032 ad
976 1999 1094 2032 eum
1132 1983 1184 2032 id
1222 1981 1398 2048 pesset
1436 1981 1841 2048 permanascere.
1877 1985 1974 2031 155

217 2075 371 2125 Nunc
412 2074 453 2123 si
492 2073 574 2122 ille
614 2072 713 2120 huc
755 2070 919 2119 salvos
956 2068 1158 2130 revenit,
1187 2069 1400 2119 reddam
1440 2069 1588 2119 suem
1621 2069 1744 2118 sibi:

218 2161 398 2226 Siquid
437 2176 499 2209 eo
540 2159 701 2219 fuerit,
731 2156 861 2206 certe
901 2157 1029 2206 illius
1069 2156 1201 2206 filiae
1899 2178 1979 2205 120

219 2247 366 2308 Quae
406 2246 531 2295 mihi
568 2245 859 2294 mandatast
897 2243 1062 2293 habeo
1105 2243 1280 2292 dotem
1317 2244 1365 2291 ez'
1395 2240 1532 2293 unde
1572 2243 1706 2303 dem,

219 2334 290 2383 Vt
329 2350 443 2383 eam
484 2334 536 2382 in
577 2348 630 2382 se
672 2332 883 2396 dignam
923 2330 1286 2380 cendicionem
1326 2330 1613 2380 cenlocem.

216 2428 340 2470 ME.
383 2422 482 2471 Pro
522 2420 571 2470 di
611 2419 922 2478 inmortales,
950 2417 1116 2468 verbis
1156 2419 1332 2483 paucis
1372 2417 1527 2483 quam
1565 2418 1665 2468 cito
1880 2423 1977 2468 160

217 2507 389 2558 Alii'im
427 2508 587 2557 fecisti
626 2523 739 2555 me:
781 2505 906 2555 alius
946 2504 1011 2554 ad
1048 2514 1097 2554 te
1136 2504 1387 2554 veneram.

221 2597 325 2646 Sed
361 2605 415 2646 ut
454 2594 712 2660 eccepisti‚
741 2592 897 2659 perge
936 2609 1089 2657 porro
1129 2592 1382 2658 preloqui.
1901 2614 1978 2655 125

219 2690 328 2733 CA.
373 2682 512 2743 Quid
552 2681 643 2731 tibi
682 2696 781 2746 ego
821 2680 1028 2729 dicam?
1065 2680 1150 2745 qui
1191 2681 1323 2730 iliius
1363 2678 1662 2745 sapientiam

219 2770 287 2818 Et
325 2768 495 2818 meam
535 2768 827 2817 fidelitatem
867 2775 917 2816 et
957 2766 1118 2817 celata
1161 2767 1335 2816 emnia

218 2857 390 2906 Paene
430 2856 509 2904 ille
547 2856 761 2920 ignavos
802 2852 1028 2903 funditus
1066 2852 1276 2919 pessum
1315 2853 1468 2903 dedit.
1882 2857 1979 2905 165

220 2950 346 2993 ΜΕ.
387 2940 650 3004 Quidum?
718 2948 825 2991 CA.
856 2940 1006 3002 Quia,
1035 2941 1135 2990 ruri
1161 2939 1284 2990 dum
1312 2957 1426 2990 sum
1453 2957 1552 3007 ego
1579 2957 1713 2991 unos
1740 2939 1830 2991 sex
1857 2941 1980 3001 dieS‚

222 3031 312 3081 Me
352 3029 560 3080 absente
601 3038 750 3094 atque
790 3027 1052 3089 insciente,
1081 3026 1372 3078 inconsultu
1410 3044 1545 3090 meo,
1899 3049 1979 3089 130
