2068 3310
127 154 207 196 IV.
232 154 272 194 2.
293 152 446 208 49-67.
775 144 1231 191 TRJNVMMVS.
1802 149 1871 204 39

131 292 235 336 SY.
278 287 427 337 Pa'iter
465 289 608 338 istius
646 287 982 338 §dulescentis
1021 286 1157 335 dedit
1193 285 1284 334 has
1325 285 1450 334 duas
1488 284 1557 332 mi
1597 284 1849 349 epistulas,

129 372 435 423 Lesbonici:
494 375 537 424 is
589 376 709 423 mist
765 375 969 423 amicus.
1051 378 1163 422 CH.
1223 368 1434 437 (Aside.)
1494 369 1678 419 Te'neo
1737 370 1873 418 hune

412 459 827 510 manufestfirium
852 479 860 508 :
1769 459 1872 504 895

130 544 219 594 Μέ
258 546 352 595 sibi
391 545 628 610 epistulzis
668 546 868 595 dedisse
908 546 1041 594 dicit.
1082 544 1254 592 ludam
1293 542 1557 591 hominem
1599 543 1776 606 probe.
1819 562 1870 602 51

129 637 234 681 SY.
275 617 354 681 sta
383 642 439 681 ut
471 632 664 697 occepi,
698 633 736 681 si
769 631 993 680 {mimum
1027 630 1273 690 advortaS,
1309 629 1491 678 dicam.
1569 634 1683 677 CH.
1722 627 1875 678 Dabo

412 717 621 783 operzim
659 718 762 766 tibi.

129 810 236 854 SY.
277 802 432 853 Hane
469 820 552 852 me
591 803 731 852 iussit
769 802 1060 851 Lesbonico
1102 800 1217 849 daire
1257 816 1350 849 suo
1389 808 1546 864 gnato
1587 800 1852 865 epistulam

128 875 196 939 Et
233 891 353 939 item
391 889 524 939 hane
564 888 773 939 alterzim
813 904 904 937 suo
944 889 1110 936 amico
1152 885 1344 935 Czillicli
1382 886 1523 934 iussit
1561 887 1694 936 dare.
1822 909 1878 947 54

131 982 245 1026 CH.
284 972 496 1044 (Aside.)
534 975 663 1024 Mihi
694 991 899 1040 quoque
939 973 1135 1039 edepol,
1165 989 1322 1038 quom
1363 973 1444 1022 hic
1484 983 1714 1037 nugatur,
1750 973 1874 1022 edn-

413 1074 488 1113 tra
526 1063 708 1127 nugari
744 1062 896 1111 lubet.
1774 1064 1876 1109 900

129 1147 355 1218 (Aloud.)
407 1131 509 1197 Vbi
546 1149 655 1212 ipse
695 1149 834 1196 erat?
909 1152 1016 1196 SY.
1072 1146 1211 1195 Bene
1251 1145 1362 1194 re'm
1400 1146 1622 1209 gerebat.
1689 1153 1804 1195 CH.

412 1221 554 1300 Ergo
591 1235 711 1284 ubi?
785 1239 888 1282 SY.
932 1233 993 1282 In
1036 1230 1279 1281 Seleiicia.

132 1327 246 1371 CH.
285 1308 368 1370 Ab
407 1321 586 1385 ipsone
625 1320 744 1368 istas
783 1317 1059 1383 decepisti?
1135 1323 1241 1366 SY.
1279 1316 1323 1364 E
1364 1316 1596 1365 mitnibus
1633 1317 1769 1366 dedit
1808 1318 1879 1365 mi

413 1408 521 1472 ipse
560 1408 612 1456 in
651 1421 848 1455 manus

133 1502 247 1566 CH.
287 1494 404 1556 Qua‘.
443 1494 616 1543 faciest
653 1493 844 1542 homd?
921 1497 1025 1540 SY.
1068 1490 1379 1556 Sesquipede
1419 1490 1674 1555 quidamst
1725 1506 1878 1554 quam

414 1589 469 1630 tu
505 1581 718 1645 ldngior.
1800 1565 1804 1568 ’

134 1675 246 1718 CH.
291 1665 505 1735 (Aside.)
549 1666 742 1715 Hae'ret
779 1666 904 1714 haec
943 1680 1037 1723 reS‚
1073 1665 1114 1712 si
1153 1663 1360 1729 quidem
1401 1677 1498 1727 ego
1540 1663 1725 1711 absens
1766 1659 1878 1709 stim

414 1770 568 1819 quam
607 1767 845 1817 praesens
884 1750 1094 1815 ldngior.
1824 1768 1877 1807 59

131 1840 358 1910 (Aloud.)
384 1841 647 1890 N6vistine
674 1838 973 1888 hominem?
1049 1843 1154 1886 SY.
1183 1836 1415 1886 Ridicule
1442 1835 1644 1900 rdgitas,
1673 1836 1879 1900 quicum

129 1930 132 1934 ’
414 1926 516 1976 unzi
554 1927 724 1975 eibum
1201 1928 1205 1930 “
1778 1925 1878 1970 905

134 2013 330 2080 Czipere
358 2013 513 2063 soleo,
579 2018 693 2061 CH.
735 2010 877 2072 Quid
903 2019 977 2059 est
1003 2010 1047 2058 ei
1074 2011 1299 2059 nomen?
1365 2014 1470 2057 SY.
1513 2007 1669 2069 Qudd
1696 2006 1879 2071 edepol

414 2100 612 2149 homini
648 2099 826 2163 probo.

133 2192 248 2236 CH.
286 2184 452 2236 L1'1bet
496 2185 683 2234 audire.
723 2189 828 2232 SY.
869 2182 945 2231 Illi
990 2178 1747 2247 edepol—illi—i'lli—(Aside.)
1787 2195 1876 2227 vae

415 2271 601 2320 miserc')
628 2270 766 2319 mihi.

135 2364 248 2407 CH.
270 2357 410 2420 Quid
436 2366 512 2406 est
541 2358 748 2421 negoti?
776 2361 881 2405 SY.
905 2355 1155 2404 Devoravi
1182 2354 1372 2403 ndmen
1398 2351 1675 2417 inprudens
1703 2350 1878 2399 modo,

134 2452 251 2496 CH.
280 2445 402 2494 N6n
424 2445 591 2510 placet
617 2444 702 2510 qui
728 2445 922 2493 amicos
947 2443 1078 2491 intra
1104 2441 1268 2490 dentis
1295 2439 1564 2495 conclusds
1591 2438 1759 2486 habet.
1823 2446 1878 2495 64

134 2538 239 2582 SY.
267 2520 424 2598 Atqui
474 2532 624 2581 etiam
674 2530 832 2580 modo
877 2529 1170 2578 vdrsabatur
1218 2526 1344 2576 mihi
1394 2526 1445 2573 in
1489 2525 1638 2574 labris
1688 2523 1880 2588 primd-

415 2619 565 2667 ribus.
1775 2614 1877 2659 910

116 2709 250 2753 CH.
296 2703 504 2770 (Aside.)
548 2703 790 2768 Temperi
840 2703 954 2751 huic
1005 2700 1156 2749 hodie
1207 2698 1453 2748 a'tnteveni.
1518 2702 1623 2746 SY.
1665 2694 1876 2762 (Aside.)

418 2789 625 2839 Teneor
649 2788 932 2838 manufestd
961 2788 1127 2835 miser.

136 2881 251 2924 CH.
290 2874 400 2924 Iam
444 2874 870 2924 reconmentdtu’s
914 2874 1138 2923 nomen?
1190 2876 1294 2919 SY.
1339 2869 1545 2936 (Aside.)
1583 2867 1752 2918 Deiim
1797 2883 1879 2916 me

419 2961 585 3011 hercle
612 2970 762 3026 atque
789 2957 1053 3009 hominiim
1080 2957 1247 3023 pudet.
