2116 3326
270 176 345 232 34
999 165 1140 210 PLA
1155 166 1279 210 VT]
1694 175 1777 216 111.
1801 178 1840 217 3.
1866 176 2016 231 58—89.

271 311 372 360 Sed
411 310 650 375 epistulas
689 311 896 376 quando
936 310 1228 374 obsignatas
1267 308 1468 370 adferet,

267 396 458 446 Nonne
497 396 736 445 arbitrare
776 394 850 445 sui
891 395 1272 445 adulescentem
1311 395 1446 444 anuli

265 481 468 531 Paterni
507 483 709 547 signum
747 481 983 530 novisse?
1020 487 1147 530 ME.
1177 482 1347 530 Etiam
1385 478 1439 530 tu
1476 479 1647 530 taces?
1800 487 1856 529 60
1910 483 2010 529 790

267 567 538 617 Sescentae
578 568 642 616 ad
681 584 794 617 eam
834 584 942 617 rem
981 565 1162 616 causae
1204 576 1420 632 possunt
1458 566 1673 631 conligi:

261 652 397 703 Eum
435 671 586 720 quem
624 655 797 704 habuit
834 654 1064 720 perdidit,
1092 654 1246 703 alium
1283 662 1401 719 post
1439 654 1554 702 fecit
1593 667 1795 701 novom.

261 739 376 788 Iam
415 741 455 789 si
493 742 790 806 obsignatas
828 741 934 790 non
973 742 1111 800 feret,
1142 740 1238 789 dici
1278 741 1376 789 hoc
1414 748 1584 805 potest

260 825 417 891 Apud
455 827 721 891 portitores
761 827 846 877 eas
884 826 1162 892 resignatas
1202 827 1295 876 sibi

259 910 628 979 Inspectasque
668 930 795 963 esse.
835 916 886 963 in
925 913 1073 962 huius
1113 914 1254 962 modi
1292 913 1501 977 negotio
1794 921 1845 976 65
1904 919 2004 964 795

258 999 411 1048 Diem
450 1017 686 1051 sermone
726 1000 882 1050 terere
923 1000 1162 1064 segnities
1201 1010 1414 1049 merast:

257 1085 506 1147 Quamvis
545 1104 806 1137 sermones
845 1087 1062 1152 possunt
1098 1087 1238 1151 longi
1276 1087 1448 1136 texier.

255 1174 356 1222 Abi
395 1173 459 1223 ad
497 1175 827 1223 thensaurum
864 1172 965 1222 iam
1004 1173 1271 1222 confestim
1309 1173 1623 1223 clanculum:

258 1259 455 1321 Servos,
483 1263 690 1312 ancillas
730 1263 940 1312 amove:
982 1270 1132 1326 atque
1160 1261 1348 1310 audin?
1391 1267 1499 1310 CA.
1529 1260 1667 1322 Quid
1694 1261 1803 1310 est?

256 1350 381 1396 ME.
424 1347 649 1398 onrem
690 1365 895 1414 quoque
935 1364 1143 1413 eampse
1182 1347 1314 1397 hanc
1352 1363 1460 1396 rem
1498 1348 1569 1395 uti
1607 1346 1739 1396 celos
1778 1347 1914 1396 face:
1948 1366 2000 1408 70

253 1433 391 1483 Nam
429 1435 516 1499 pol
555 1445 720 1485 tacere
759 1435 1041 1501 numquam
1081 1437 1403 1501 quicquamst
1443 1435 1581 1499 quod
1620 1443 1784 1498 queat.
1898 1437 1995 1483 801

255 1520 393 1582 Quid
431 1520 568 1571 nunc
610 1524 746 1572 stas?
785 1523 908 1587 quin
948 1531 1001 1572 tu
1039 1522 1158 1572 hinc
1195 1529 1235 1571 le
1273 1521 1480 1571 amoves
1518 1531 1566 1570 et
1604 1520 1653 1570 te
1691 1522 1904 1570 moves?

249 1607 422 1673 Aperi,
454 1610 697 1675 deprome
735 1612 853 1661 inde
892 1609 998 1660 auri
1036 1611 1101 1660 ad
1138 1610 1271 1660 hanc
1308 1625 1416 1657 rem
1453 1608 1593 1673 quod
1631 1617 1707 1658 sat
1743 1617 1849 1658 est:

250 1693 511 1746 Continuo
551 1706 726 1762 operta
765 1697 965 1747 denuo:
1007 1698 1098 1748 sed
1137 1696 1437 1755 clanculum,

251 1780 390 1830 Sicut
429 1784 693 1848 praecepi:
734 1782 948 1834 cunctos
988 1785 1200 1834 exturba
1238 1783 1461 1832 aedibus.
1785 1800 1833 1844 75
1892 1785 1994 1831 805

248 1874 355 1917 CA.
390 1868 467 1917 Ita
493 1868 689 1918 faciam.
729 1877 854 1919 ME.
881 1871 950 1919 At
984 1872 1119 1919 enim
1146 1871 1294 1919 nimis
1321 1870 1477 1934 longo
1514 1885 1749 1918 sermone
1780 1867 1994 1918 utimur:

244 1953 397 2003 Diem
437 1956 749 2017 conficimus,
779 1958 934 2022 quom
974 1958 1075 2006 iam
1112 1957 1433 2022 properatost
1471 1972 1616 2021 opus.

245 2040 386 2090 Nihil
425 2041 500 2091 est
539 2043 601 2090 de
641 2044 787 2107 signo
828 2044 966 2108 quod
1005 2060 1235 2092 vereare:
1280 2043 1362 2092 mo
1399 2043 1526 2092 vide.

243 2126 488 2191 Lepidast
525 2128 608 2177 illa
646 2145 811 2189 causa,
839 2139 892 2178 ut
929 2130 1323 2189 conmemoravi,
1351 2129 1517 2178 dicere

242 2213 401 2278 Apud
439 2214 708 2278 portitores
747 2214 857 2264 esse
897 2216 1168 2280 inspectas.
1209 2215 1427 2281 donique
1766 2224 1820 2264 80
1890 2218 1992 2264 810

243 2299 360 2349 Die‘i
398 2309 598 2365 tempus
637 2302 743 2350 non
781 2302 954 2351 vides?
994 2302 1116 2366 quid
1154 2300 1294 2351 illum
1333 2312 1480 2366 putas

244 2386 441 2436 Natura
479 2388 561 2436 illa
599 2395 750 2452 atque
789 2387 1030 2451 ingenio?
1071 2389 1172 2438 iam
1212 2389 1405 2437 dudum
1443 2387 1646 2450 ebriust.
1676 2388 1730 2431 ἓν
1802 2397 1805 2400 ’

243 2472 460 2533 Quidvis
499 2476 717 2539 probare
755 2474 966 2539 poterit:
1007 2483 1129 2534 tum,
1159 2476 1300 2540 quod
1331 2446 1911 2544 maxumumstffiaq'wf

241 2559 470 2620 Adferre,
499 2577 605 2609 non
645 2577 699 2610 se
739 2560 909 2626 petere
950 2561 1067 2610 hinc
1108 2561 1255 2611 dicet.
1297 2568 1405 2611 CA.
1434 2561 1546 2610 Iam
1585 2570 1662 2610 sat
1701 2571 1790 2611 est.

239 2652 363 2694 ME.
405 2646 519 2710 Ego
559 2647 928 2711 sycophantam
968 2647 1067 2696 iam
1108 2649 1346 2698 conduco
1387 2647 1449 2696 do
1488 2648 1598 2697 foro
1780 2658 1833 2709 85
1891 2652 1992 2699 815

238 2731 597 2797 Epistulasque
636 2732 736 2782 iam
776 2734 1097 2798 consignabo
1138 2735 1264 2783 duas

238 2817 474 2883 Eumque
514 2817 612 2867 huc
653 2821 722 2867 ad
753 2819 1131 2869 adulescentem
1171 2818 1470 2870 meditatum
1509 2822 1668 2885 probe

240 2903 460 2954 Mittam.
501 2911 608 2955 CA.
640 2891 720 2955 Eo
765 2922 863 2972 ego
901 2923 1013 2972 ergo
1051 2907 1200 2972 igitur
1237 2909 1367 2956 intro
1407 2908 1472 2957 ad
1509 2908 1733 2959 officium
1769 2925 1971 2959 meum:

238 2991 323 3039 Tu
362 2989 490 3041 istuc
529 3008 639 3056 age.
679 2999 802 3042 ME.
833 2995 1020 3043 Actum
1061 2993 1271 3044 reddam
1310 2995 1683 3059 nugacissume.
