2116 3326
220 165 287 203 10
951 155 1093 201 ΜΛ
1110 155 1236 200 VT]
1645 164 1681 206 1.
1705 165 1744 206 2.
1767 163 1980 219 159-185.

217 300 320 350 Sed
359 299 482 365 quid
508 300 596 360 aiS,
619 300 740 365 quid
761 317 899 349 nunc
921 300 1099 365 virgo?
1129 315 1317 364 nempe
1339 298 1476 364 apud
1502 297 1634 348 test?
1692 304 1801 348 CA.
1836 297 1974 357 Itast‚

215 386 468 452 qutaque
507 403 619 436 eam
660 404 781 437 curo
822 386 940 438 cum
978 404 1108 437 mea.
1185 393 1310 435 ME.
1353 385 1515 435 Recte
1553 385 1691 436 facis,
1898 392 1979 434 160

217 480 324 523 CA.
366 474 633 539 Numquid
659 474 797 539 prius
825 491 980 539 quam
1008 475 1137 523 abeo
1165 473 1248 523 me
1274 472 1589 538 rogaturu's?
1663 478 1789 522 ME.
1829 471 1976 521 Vale.

1379 559 1539 628 (Exit
1567 557 1833 626 Callicles.)

217 649 355 698 Nihil
394 648 469 699 est
508 649 738 715 profecto
781 647 977 700 stultius
1017 666 1185 716 neque
1228 649 1458 700 stelidius

217 733 425 805 [Neque
466 737 877 787 mendacilocum
916 737 1085 803 neque
1125 737 1256 787 adeo
1296 734 1533 802 argutum
1571 730 1760 803 magis]
1875 737 1977 782 200

215 822 398 888 Neque
438 823 918 891 cc'mfidentildquius
958 841 1125 890 neque
1165 821 1411 890 periurius

216 909 389 972 Quam
426 910 606 960 urbani
646 912 844 961 adsidui
884 913 1196 976 c1've3,quos
1236 909 1434 960 scurras
1473 918 1673 958 vocant.
1898 915 1977 972 ι165

213 998 384 1063 Atque
423 997 631 1063 egomet
669 1016 751 1049 me
790 1000 921 1049 adeo
961 997 1079 1049 cum
1118 999 1211 1048 illis
1249 1015 1352 1047 una
1389 997 1582 1047 ibidem
1620 995 1800 1045 traho:

216 1084 319 1146 Qui
360 1085 561 1135 illerum
600 1087 764 1136 verbis
805 1086 942 1136 falsis
983 1086 1221 1152 accept6r
1262 1085 1345 1147 fui,

214 1171 318 1233 Qui
358 1174 533 1221 omnia
573 1189 626 1223 se
666 1174 905 1223 simulant
945 1175 1075 1223 scire
1115 1189 1281 1238 neque
1321 1170 1598 1238 quicquam
1639 1171 1818 1220 sciunt.
1875 1172 1977 1217 205

216 1258 373 1320 Quod
414 1260 629 1325 quisque
669 1262 721 1310 in
761 1262 935 1311 animo
975 1260 1128 1310 habet
1167 1270 1251 1309 aut
1288 1256 1589 1318 habiturust,
1619 1258 1815 1308 sciunt:

215 1344 391 1396 Sciunt
430 1348 553 1413 quid
591 1349 643 1397 in
683 1364 860 1398 aurem
898 1348 988 1397 rex
1028 1349 1234 1413 reginae
1275 1347 1481 1396 dixerit:
1901 1363 1981 1405 170

215 1433 390 1484 Sciunt
429 1437 569 1501 quod
608 1437 739 1486 Iuno
779 1436 1046 1486 fabulatast
1087 1434 1205 1486 cum
1245 1435 1395 1485 Iove:

215 1518 388 1592 [Quae
429 1523 595 1590 neque
636 1524 802 1574 futura
843 1524 1012 1590 neque
1052 1533 1184 1584 sunt,
1211 1532 1387 1572 tamen
1425 1522 1495 1571 illi
1534 1515 1740 1590 sciunt]

212 1610 432 1660 Falsdne
472 1627 537 1660 an
577 1627 696 1661 vero
736 1609 960 1672 laudent,
989 1612 1197 1677 culpent
1237 1610 1391 1676 quem
1429 1610 1597 1671 velint,
1878 1611 1979 1657 210

213 1697 338 1748 Non
377 1698 525 1748 fldcci
564 1698 768 1758 faciunt,
810 1697 933 1751 dum
972 1699 1094 1750 illud
1133 1699 1275 1764 quod
1313 1696 1483 1748 lubeat
1525 1698 1702 1747 sciant.

214 1785 413 1836 Omnes
452 1787 693 1836 mortales
733 1784 870 1836 hi'inc
910 1787 1113 1836 aiebant
1153 1786 1415 1838 Calliclem
1903 1804 1979 1845 175

213 1872 497 1939 Indignum
537 1873 734 1924 civitate
774 1890 832 1923 ac
873 1891 984 1924 sese
1023 1876 1205 1937 vivere,

212 1960 372 2011 Bonis
413 1963 499 2028 qui
540 1962 677 2012 hunc
717 1962 1099 2013 adulescentem
1139 1961 1403 2014 evortisset
1442 1962 1560 2012 suis·

213 2048 328 2115 Ego
371 2050 433 2100 de
473 2049 652 2100 edrum
694 2051 856 2099 verbis
895 2049 1313 2114 famigeratorum
1353 2050 1577 2102 insciens
1877 2049 1978 2095 215

213 2136 430 2186 Prosilui
470 2138 693 2187 amicum
735 2136 1039 2202 castigatum
1077 2137 1363 2188 inndxium.

214 2223 372 2285 Quod
411 2224 451 2273 si
489 2223 777 2292 exquiratur
815 2223 978 2290 usque
1017 2226 1081 2274 ab
1122 2225 1277 2289 stirpe
1317 2223 1604 2281 aucteritaS,
1903 2228 1983 2269 180

212 2311 364 2361 Vnde
403 2312 627 2378 quidque
667 2312 896 2362 auditum
937 2313 1137 2364 dicant:
1177 2313 1274 2362 nisi
1313 2311 1364 2361 id
1403 2309 1661 2376 adpareat,

212 2398 578 2464 Famigeratori
616 2398 694 2461 res
735 2399 796 2448 sit
835 2415 954 2448 cum
994 2399 1186 2449 damno
1226 2398 1276 2448 et
1315 2398 1483 2450 malo:

213 2486 333 2536 Hoc
370 2487 439 2536 ita
477 2487 519 2536 si
556 2487 656 2548 fiat,
690 2486 896 2552 publico
937 2486 1023 2536 fiat
1060 2487 1216 2538 bono,
1873 2484 1978 2532 220

214 2573 371 2624 Pauci
409 2576 507 2624 sint
543 2574 699 2624 faxim
739 2576 829 2640 qui
869 2575 1029 2624 sciant
1069 2575 1210 2639 quod
1248 2572 1497 2635 nesciunt,
1801 2604 1807 2611 ι

215 2660 669 2730 Occlusioremque
708 2662 932 2714 habeant
971 2661 1436 2729 stultiloquentiam
1624 2656 1821 2728 (Exit.)
1902 2667 1978 2719 185
