2116 3326
214 126 286 193 48
957 134 1098 179 PLA
1114 134 1245 180 UTI
1653 145 1732 186 lv.
1755 123 1796 189 3.
1815 144 1969 198 62-83.

215 283 311 326 ΞΤ.
342 274 493 337 Hem,
530 277 642 342 quis
687 284 762 326 est
797 277 883 342 qui
920 276 1233 327 mentionem
1275 277 1432 327 homo
1469 277 1688 327 h6minis
1725 278 1842 328 fecit
1877 279 1971 346 ὁρ-

500 365 659 413 turni?

217 457 333 500 CH.
388 435 537 515 fpsus
592 451 749 500 homo
803 448 1057 516 optumiis.
1134 456 1230 500 ΞΤ.
1285 449 1442 512 Mare,
1483 459 1627 511 terra,
1668 451 1879 513 caelum,
1921 451 1972 501 di

501 537 723 587 vostram
763 537 933 587 fidem.
1835 542 1970 588 1070

218 621 357 672 Satin
384 639 482 688 ego
512 624 672 673 oculis
700 623 851 689 plane
878 624 1063 673 video?
1103 631 1244 672 estne
1271 623 1411 688 ipsus
1440 640 1504 672 an
1532 641 1637 674 non
1665 623 1772 674 est?
1812 626 1852 674 is
1879 633 1970 674 est.

216 708 364 759 Certe
404 710 444 758 is
484 719 572 770 est,
601 712 642 760 is
681 711 757 760 est
796 711 1045 776 profecto.
1086 725 1117 759 ο
1157 711 1230 759 mi
1268 727 1350 759 ere
1390 712 1809 775 exoptatissume,
1914 720 1967 772 65

218 797 381 848 Salve.
460 805 575 849 CH.
617 798 779 859 Salve,
822 798 1056 848 Stasime.
1132 805 1228 847 ΞΤ.
1278 797 1482 847 Salvom
1522 797 1569 847 te'
1604 837 1613 847 .
1647 837 1658 848 .
1694 805 1809 848 CH.
1851 797 1970 848 Scio

498 894 546 935 et
585 885 737 935 credc')
776 886 881 934 tibi.

218 971 317 1021 Sed
349 972 524 1021 omitte
557 973 686 1021 alia:
728 972 827 1021 hoe
866 972 991 1021 mihi
1030 972 1314 1037 responde:
1352 970 1494 1020 liberi
1526 970 1649 1035 quid
1680 969 1838 1035 aglint
1869 971 1970 1020 mei

216 1058 362 1119 Quds
399 1059 575 1123 reliqui
613 1058 694 1108 hic
734 1059 895 1107 filium
935 1068 1086 1123 atque
1125 1058 1316 1107 filiam?
1391 1063 1487 1106 ΞΤ.
1526 1057 1732 1118 Vivent,
1764 1057 1945 1106 valent.

217 1152 331 1195 CH.
373 1145 575 1211 Nempe
615 1148 861 1212 uterque?
938 1153 1034 1196 ΞΤ.
1074 1146 1317 1212 Vterque.
1394 1152 1508 1195 CH.
1550 1145 1615 1194 Di
1654 1162 1738 1194 me
1777 1145 1972 1194 salvom

500 1244 548 1283 et
588 1232 840 1283 servatiim
879 1234 1068 1283 volunt.
1836 1235 1970 1282 1076

218 1318 399 1368 Cetera
439 1320 572 1369 intus
611 1321 799 1370 dtiosse
838 1320 1181 1386 percontabor
1220 1317 1350 1384 quae
1390 1319 1538 1368 volo:
1919 1340 1971 1380 70

216 1405 407 1455 Eamus
434 1407 597 1457 intro:
643 1408 871 1474 sequere.
951 1414 1046 1457 ΞΤ.
1089 1407 1334 1468 Quonam
1367 1405 1413 1456 te
1446 1408 1590 1471 agis?
1667 1413 1781 1456 GH.
1824 1406 1971 1468 Quo-

504 1511 626 1543 nam
665 1495 763 1543 nisi
804 1495 1051 1544 domurn?

217 1587 311 1629 ΞΤ.
356 1579 548 1630 Hicine
586 1597 682 1631 nos
721 1580 947 1631 habitare
988 1583 1201 1631 censes?
1294 1586 1410 1629 GH.
1453 1563 1680 1628 Vbinam
1718 1595 1818 1645 ego
1855 1579 1971 1629 alibi

504 1667 776 1718 censeam?

216 1760 310 1803 ΞΤ.
353 1753 465 1803 Iam
499 1792 509 1802 .
543 1792 553 1803 .
588 1761 702 1803 CH.
744 1753 884 1815 Quid
922 1754 1059 1803 iam?
1135 1759 1231 1804 ST.
1272 1752 1396 1802 Non
1431 1750 1547 1801 sfint
1577 1762 1781 1802 nostrae
1820 1752 1974 1802 aedes

504 1841 643 1890 istae.
721 1847 836 1889 CH.
879 1839 1021 1900 Quid
1061 1856 1157 1904 ego
1197 1856 1258 1888 ex
1298 1848 1347 1888 te
1386 1837 1572 1888 alidio?
1836 1843 1970 1888 1080

218 1933 312 1974 ΞΤ.
343 1926 585 1976 Vendidit
605 1936 721 1976 tuos
748 1926 932 1992 gnatus
960 1926 1112 1976 aedis.
1156 1932 1271 1975 CH.
1301 1925 1444 1975 Perii.
1487 1931 1583 1975 ΞΤ.
1612 1924 1973 1975 Praesentariis

218 2001 432 2078 Argenti
469 2014 620 2062 minis
660 2014 950 2063 numeratis,
1030 2019 1146 2062 CH.
1201 2012 1377 2074 Qudt?
1453 2019 1550 2062 ΞΤ.
1603 2012 1970 2078 Quadraginta.

506 2107 619 2149 CH.
662 2086 856 2150 Occidi.
1923 2118 1970 2161 75

218 2185 350 2246 Quis
371 2203 456 2237 eas
477 2189 633 2237 emit?
674 2195 769 2237 ΞΤ.
809 2186 1057 2248 CallicleS,
1080 2187 1201 2252 quoi
1223 2186 1361 2237 tuam
1381 2203 1489 2236 rem
1509 2185 1971 2237 conmendaveras:

219 2257 271 2321 ss
309 2273 592 2324 habitatum
631 2274 729 2325 huc
770 2274 1107 2340 ednmigravit
1144 2275 1343 2339 ndsque
1382 2274 1665 2323 exturbavit
1702 2272 1851 2323 foras.

220 2365 335 2410 CH.
375 2343 477 2410 <sbi
516 2378 652 2411 nune
692 2360 820 2411 filiiis
860 2378 1004 2412 meus
1048 2361 1275 2411 habitat?
1352 2367 1446 2410 ΞΤ.
1490 2360 1592 2410 Hic
1637 2361 1689 2409 in
1732 2361 1833 2411 hoc
1877 2377 1974 2426 po-

507 2448 704 2498 sticulo.
1837 2451 1973 2497 1085

222 2538 338 2584 CH.
390 2533 528 2583 Male
583 2535 800 2601 disperii.
894 2540 990 2584 ΞΤ.
1045 2533 1250 2584 Credidi
1295 2550 1446 2599 aegre
1496 2534 1589 2583 tibi
1641 2533 1835 2602 id,lubi
1888 2551 1974 2584 au-

506 2621 678 2682 disses,
721 2621 843 2670 fore.

223 2711 337 2755 CH.
378 2691 495 2770 Ego
522 2709 673 2758 miser
701 2709 915 2758 summis
943 2708 1141 2773 periclis
1170 2705 1282 2756 stim
1309 2723 1400 2772 per
1426 2707 1584 2756 maria
1611 2705 1853 2757 maxuma
1920 2716 1975 2756 80

222 2789 429 2852 VectUS‚
459 2794 663 2858 capitali
701 2795 888 2860 periclo
929 2792 1020 2859 per
1057 2794 1347 2858 praedones
1385 2791 1650 2858 pliirumos

225 2875 315 2924 Me
356 2880 559 2940 servavi,
594 2880 758 2930 salvos
797 2881 954 2930 redii:
997 2878 1135 2928 mine
1173 2879 1256 2928 hie
1297 2880 1504 2944 disperii
1542 2881 1693 2929 miser

224 2962 434 3029 Prdpter
459 2967 668 3017 eosdem
690 2967 907 3034 qudrum
936 2964 1089 3017 causa
1108 2966 1177 3052 fiii
1204 2965 1299 3016 hac
1328 2974 1489 3017 aetate
1517 2966 1789 3041 exereitus:
1837 2969 1973 3017 1090
