2068 3310
99 170 135 210 Ι.
159 169 198 210 2.
220 167 376 225 69-99.
750 155 1210 203 TRINVMMVS.
1819 159 1847 215 7

99 309 224 352 ME.
264 303 446 353 Fuitne
483 302 565 353 hic
590 302 681 353 tibi
720 302 913 352 amicus
952 298 1287 351 Charmides?
1366 303 1473 348 CA.
1513 295 1605 347 Est
1644 296 1694 347 et
1731 296 1834 346 fuit.

100 390 164 439 Id
201 391 270 439 ita
308 389 420 440 esse
457 398 513 439 ut
551 389 743 449 credas,
769 387 878 438 rem
915 387 1006 436 tibi
1045 383 1307 436 auctorem
1346 384 1497 433 dabo,
1800 403 1850 444 70

101 475 239 525 Nam
276 476 553 542 postquam
590 476 674 526 hic
712 476 821 526 eius
859 474 966 524 rem
1006 472 1257 537 confregit
1295 470 1429 520 filius

101 562 359 629 Videtque
397 564 508 628 ipse
546 563 613 613 ad
650 561 951 629 pauperiem
989 567 1300 626 prostratum
1339 557 1450 607 esse
1492 573 1544 606 se

103 648 364 716 Suamque
401 650 556 700 filiam
594 649 707 700 esse
747 649 972 700 adultam
1009 647 1278 711 virginem,
1757 646 1854 691 110

105 736 266 786 Simul
303 736 410 787 eius
447 746 662 786 matrem
702 735 950 801 suamque
988 749 1202 783 uxorem
1240 731 1525 781 mertuam:

103 822 367 884 Quoniam
405 824 528 874 hinc
565 825 745 873 iturust
783 823 924 888 ipsus
959 821 1011 870 in
1052 816 1350 877 Seleuciam,
1808 835 1855 876 75

24 913 33 921 '
105 910 234 959 Mihi
271 910 634 960 conmendavit
671 910 919 975 virginem
959 905 1167 973 gnatam
1206 921 1351 954 suam

104 995 170 1046 Et
208 997 314 1047 rem
356 1013 502 1047 suam
540 1012 752 1047 omnem
790 1003 839 1045 et
876 992 1019 1043 illum
1057 1000 1351 1056 corruptum
1390 990 1562 1038 filium.

107 1083 271 1144 Hace,
300 1082 343 1133 si
383 1084 453 1133 mi
491 1084 726 1132 inimicus
764 1082 911 1141 esset,
941 1081 1094 1130 credo
1135 1079 1234 1128 hau
1272 1076 1512 1127 crederet.
1763 1078 1859 1123 115

106 1177 230 1221 ΜΕ.
272 1170 412 1232 Quid
449 1173 534 1220 tu?
575 1169 953 1219 adulescentem
992 1165 1144 1233 quem
1184 1181 1295 1214 esse
1335 1160 1629 1229 corruptum
1669 1161 1824 1221 vides,

109 1257 212 1319 Qui
252 1257 368 1308 tuae
406 1257 679 1307 mandatus
717 1255 794 1305 est
832 1255 931 1304 fide
970 1264 1018 1303 et
1058 1250 1286 1312 fiduciae,
1811 1258 1864 1295 80

109 1344 249 1405 Quin
288 1342 405 1394 eum
442 1344 694 1394 restituis?
735 1342 859 1407 quin
902 1341 966 1390 ad
1006 1340 1205 1404 frugem
1246 1338 1503 1403 cenrigis?

109 1431 172 1480 Ei
209 1431 281 1480 rei
319 1431 529 1496 operam
569 1431 689 1479 dare
727 1438 777 1478 te
816 1426 975 1477 fuerat
1013 1427 1273 1492 aliquanto
1314 1425 1540 1489 aequius,

113 1517 256 1584 Siqui
293 1518 586 1583 probiorem
625 1515 791 1566 facere
830 1530 1025 1580 posses,
1054 1514 1161 1561 non
1201 1512 1271 1560 uti
1766 1509 1864 1556 120

112 1604 175 1652 In
213 1603 431 1654 ezindem
470 1612 574 1654 tute
614 1603 883 1653 accederes
921 1601 1185 1651 infamiam

113 1688 412 1756 Malumque
449 1700 503 1740 ut
541 1692 650 1739 eius
688 1688 806 1739 clim
846 1700 934 1739 tuo
974 1685 1214 1737 misceres
1254 1685 1405 1734 malo,
1812 1693 1864 1741 85

115 1783 224 1826 CA.
266 1775 406 1838 Quid
456 1775 586 1826 feci?
661 1782 786 1825 ME.
842 1773 998 1836 Quod
1047 1773 1206 1822 homo
1258 1770 1494 1836 nequam.
1584 1775 1692 1818 CA.
1747 1766 1869 1816 Non

69 1866 75 1871 '
400 1860 530 1913 istuc
569 1872 805 1912 meumst.

115 1957 238 2000 ME.
279 1950 498 2001 Emistin
537 1951 599 2001 de
639 1948 964 2000 adulescente
1003 1948 1157 1996 hasce
1196 1945 1370 1995 aedis?
1411 1943 1533 2008 quid
1573 1942 1744 1992 taces?

115 2037 217 2086 Vbi
245 2035 382 2087 nunc
408 2045 515 2087 tute
540 2037 756 2087 habitas.
821 2042 929 2085 CA.
972 2020 1092 2083 Emi
1118 2042 1267 2098 atque
1297 2029 1566 2096 argentum
1595 2029 1724 2088 dedi,
1773 2029 1869 2076 125

117 2121 289 2174 Minas
329 2125 680 2191 quadraginta,
708 2123 1022 2174 adulescenti
1060 2122 1156 2186 ipsi
1196 2121 1248 2168 in
1286 2134 1513 2167 manum.

116 2215 239 2260 ΜΕ.
280 2212 478 2262 Dedisti
506 2213 808 2278 argentum?
873 2217 981 2260 CA.
1022 2208 1250 2267 Factum,
1280 2221 1447 2271 neque
1475 2204 1595 2253 facti
1622 2202 1772 2267 piget.
1821 2222 1875 2262 90

117 2303 242 2347 ΜΕ.
279 2297 482 2364 Edepol
519 2299 618 2360 fide
658 2296 1039 2348 adulescentem
1077 2291 1375 2343 mandatum
1417 2290 1609 2339 malae:
1649 2322 1654 2326 -

117 2383 387 2434 Dedistine
425 2385 525 2436 hoc
563 2385 698 2435 facto
739 2385 784 2434 ei
817 2383 1052 2449 glad-ium
1092 2381 1179 2447 qui
1220 2396 1273 2429 se
1313 2376 1605 2428 occideret?

121 2469 261 2530 Quid
298 2471 448 2522 secus
485 2481 564 2523 est
602 2481 688 2522 aut
727 2472 849 2537 quid
887 2472 1108 2528 interest,
1138 2468 1257 2517 dare
1295 2474 1343 2515 te
1382 2466 1434 2513 in
1472 2477 1656 2512 manus
1780 2463 1876 2508 130

120 2557 407 2622 Argentum
447 2560 637 2608 amanti
675 2557 874 2608 homini
912 2554 1244 2614 adulescenti,
1273 2551 1427 2602 animi
1469 2549 1652 2614 inpoti,

104 2644 226 2705 .Qui
263 2645 618 2696 exaedificaret
657 2661 801 2695 suam
840 2643 1132 2693 inchoatam
1170 2637 1458 2705 ignaviam?
1820 2654 1874 2695 9:

123 2737 233 2780 CA.
274 2729 396 2780 Non
423 2731 522 2797 ego
549 2732 617 2781 illi
643 2740 912 2796 argentum
938 2727 1238 2778 redderem?
1303 2730 1427 2772 ME.
1469 2721 1592 2771 Non
1620 2718 1876 2778 redderes,

123 2818 307 2882 Neque
345 2816 408 2866 de
445 2817 531 2866 illo
570 2817 843 2883 quicquam
882 2815 1049 2881 neque
1089 2827 1281 2863 emeres
1320 2825 1486 2875 neque
1526 2807 1773 2856 venderes

1847 2895 1871 2918 l.

56 2920 59 2921 ’
125 2903 236 2954 Nec
275 2904 363 2970 qui
400 2903 615 2954 deterior
652 2903 786 2953 esset
822 2902 1014 2952 faceres
1055 2900 1272 2964 copiam.
1773 2895 1871 2941 130

122 2989 535 3042 Incenciliastine
572 2988 691 3039 eum
730 2991 816 3056 qui
854 2985 1146 3038 mandatust
1183 2984 1304 3035 tibi?
