2116 3326
249 140 269 174 1
283 122 314 172 6
975 126 1115 171 PLA
1133 126 1257 170 VT]
1692 136 1752 178 Π,
1773 138 1814 178 2.
1835 136 1946 178 62-8
1953 148 1991 189 5.

245 254 314 322 V‘t
352 273 419 321 ita
458 281 506 321 te
546 269 759 320 aliorum
797 272 1104 330 miserescat,
1131 270 1195 320 ne
1235 271 1297 320 tis
1336 271 1460 320 alios
1498 271 1749 320 misereat.

242 365 358 409 LY.
397 357 642 408 Deserere
680 358 819 406 illurn
859 366 908 406 et
949 356 1182 407 deiuvare
1223 359 1275 405 in
1314 357 1464 407 rebus
1503 358 1732 407 advorsis
1773 359 1943 422 pudet.

244 453 362 496 PH.
400 446 492 494 Pol
530 445 721 510 pudere
760 443 915 510 quam
952 444 1125 509 pigere
1164 444 1384 509 praestat
1422 444 1633 493 totidem
1673 436 1840 505 literisl
1891 449 1991 493 345

243 539 358 581 LY.
396 518 598 597 Edepol
626 531 777 581 deum
795 529 971 580 virtute
1001 532 1182 591 dicam,
1205 531 1361 596 pater,
1385 540 1434 581 et
1459 531 1712 580 maiorum
1740 529 1787 579 et
1813 520 1899 581 tua
1937 539 1990 591 65

245 618 408 668 Multa
444 620 580 668 bona
617 619 749 667 bene
786 617 931 682 parta
969 617 1243 668 habemus:
1284 617 1414 668 bene
1454 619 1494 667 si
1531 619 1698 667 amico
1740 616 1930 677 feceriS‚

245 706 324 754 Ne
363 706 535 771 pigeat
573 705 781 754 fecisse:
821 715 875 753 ut
913 706 1081 769 potius
1120 702 1327 769 plideat‚
1356 705 1396 754 si
1439 721 1546 754 non
1585 703 1777 753 feceris.

244 799 361 842 PH.
401 791 481 840 De
519 791 720 856 magnis
760 791 941 840 divitiis
982 791 1147 856 siquid
1186 791 1378 851 demaS,
1418 791 1531 856 plus
1570 791 1624 840 fit
1661 789 1727 840 an
1766 790 1968 839 minus?

242 887 357 930 LY.
398 880 590 938 Minus,
640 887 809 943 pater:
888 878 977 928 sed
1029 879 1126 928 civi
1177 878 1405 927 inmoeni
1465 879 1573 927 scin
1622 878 1745 942 quid
1804 877 1995 926 cantari

531 965 691 1015 solet?
1892 967 1992 1012 350

245 1055 402 1117 Quod
446 1055 602 1103 habes
654 1069 718 1102 ne
761 1052 952 1103 habeas
999 1061 1047 1102 et
1091 1052 1211 1101 illud
1256 1051 1396 1117 quod
1441 1050 1548 1100 non
1598 1051 1756 1100 habes
1801 1046 1992 1098 habeas

527 1140 692 1201 velim,
1943 1153 1995 1197 70

244 1228 468 1290 Quando
508 1226 713 1292 quidem
754 1241 848 1274 nec
886 1226 975 1274 tibi
1013 1227 1144 1275 bene
1183 1242 1294 1275 esse
1332 1225 1451 1290 pote
1490 1225 1594 1289 pati
1632 1239 1797 1288 neque
1837 1221 1991 1272 alteri.

242 1322 358 1365 PH.
403 1315 522 1364 Scio
561 1312 798 1378 equidem
837 1312 966 1360 istuc
1006 1313 1076 1361 ita
1114 1312 1276 1362 solere
1316 1312 1455 1361 fieri:
1496 1327 1685 1371 verum,
1712 1309 1865 1374 gnate
1904 1310 1992 1369 mi,

245 1389 296 1452 ss
336 1411 410 1452 est
446 1401 715 1458 inmoenis,
744 1400 866 1464 quoi
904 1398 1027 1446 nihil
1064 1408 1138 1448 est
1178 1400 1262 1464 qui
1301 1398 1519 1448 moenus
1555 1394 1792 1463 fungatur
1832 1413 1993 1446 suom.

242 1495 357 1538 LY.
397 1486 567 1536 Deum
589 1487 764 1535 virtute
792 1484 1042 1534 habemus
1070 1495 1118 1534 et
1138 1487 1222 1550 qui
1249 1485 1451 1534 nosmet
1469 1483 1686 1544 utamur,
1705 1492 1861 1549 pater,
1893 1487 1992 1532 355

243 1577 309 1626 Et
349 1577 454 1626 aliis
494 1576 579 1642 qui
619 1575 843 1624 comitati
884 1577 1042 1626 simus
1080 1574 1516 1625 benevolentibus.
1944 1595 1993 1635 75

243 1671 359 1714 PH.
402 1664 525 1713 Non
576 1663 760 1728 edepol
805 1664 892 1712 tibi
944 1663 1226 1729 pernegare
1276 1663 1489 1729 possum
1531 1664 1806 1729 quicquam
1857 1662 1996 1728 quod

529 1751 680 1801 velis:

246 1837 389 1898 Quoi
429 1836 706 1902 egestatem
745 1838 956 1887 tolerare
995 1840 1104 1887 vis?
1145 1839 1352 1903 loquere
1391 1837 1628 1889 audacter
1666 1838 1811 1904 patri.

243 1932 358 1974 LY.
398 1924 688 1973 Lesbonico
729 1925 845 1973 hinc
884 1925 1211 1987 adulescenti,
1241 1926 1533 1977 Charmidai
1570 1927 1693 1986 filio,

245 2012 348 2073 Qui
389 2011 486 2060 illic
532 2012 738 2061 habitat.
784 2018 903 2062 PH.
938 2012 1079 2074 Quin
1121 2015 1343 2064 comedit
1383 2014 1523 2080 qued
1567 2014 1668 2073 fuit,
1710 2011 1850 2078 quod
1890 2010 1997 2060 non

531 2098 652 2147 fuit?
1892 2101 1994 2147 360

244 2192 358 2235 LY.
398 2185 479 2235 Ne
519 2185 786 2249 exprobra,
814 2186 986 2250 pater:
1028 2189 1184 2238 multa
1218 2189 1416 2238 homini
1452 2188 1688 2238 eveniunt
1722 2202 1853 2251 quae
1879 2185 1997 2245 volt,

530 2272 661 2338 quae
689 2274 872 2323 nevolt.
1944 2283 1999 2321 80

244 2367 358 2410 PH.
403 2359 621 2410 Mentire
667 2361 864 2427 edepol,
905 2361 1074 2426 gnate,
1115 2372 1264 2429 atque
1303 2363 1357 2412 id
1395 2378 1532 2413 nunc
1571 2359 1693 2411 facis
1730 2361 1831 2410 hau
1875 2376 1997 2410 con-

530 2445 813 2499 suetudine.

245 2534 381 2584 Nam
423 2536 623 2600 sapiens
663 2535 870 2601 quidem
908 2537 996 2601 pol
1035 2537 1176 2602 ipsus
1215 2537 1365 2602 fingit
1403 2535 1659 2586 fortunam
1700 2535 1824 2585 sibi:

244 2623 324 2671 Eo
365 2639 470 2672 non
509 2623 668 2672 multa
708 2623 838 2688 quae'
877 2624 1048 2673 nevolt
1086 2623 1338 2683 eveniunt,
1366 2623 1462 2672 nisi
1501 2622 1645 2672 fictor
1683 2622 1881 2671 malust.

243 2715 358 2759 LY.
401 2707 565 2758 Multa
609 2710 675 2758 illi
722 2726 878 2775 opera
920 2708 1072 2775 opust
1117 2711 1321 2760 ficturae
1367 2710 1456 2776 qui
1506 2725 1560 2759 se
1611 2708 1841 2759 fictorem
1885 2721 2000 2772 pro-

529 2798 652 2846 bum
1897 2798 1998 2843 365

244 2884 394 2935 Vitae
430 2884 663 2948 agundae
700 2900 812 2934 esse
850 2883 1065 2951 expetit:
1108 2883 1199 2934 sed
1223 2884 1305 2935 hic
1341 2882 1622 2935 admodum
1649 2880 1998 2934 adulescentu-

530 2972 643 3023 lust.
1943 2976 1993 3029 85
