2068 3310
133 145 195 186 ΙΙ.
217 146 486 200 4.123-152.
777 139 1228 188 TRJNVMMVS.
1788 155 1856 212 23

131 277 194 326 In
231 278 441 343 quincto
481 294 684 345 quoque
722 278 862 331 sulco
901 281 1178 334 moriuntur
1213 285 1382 335 boves.

129 367 247 412 PH.
285 363 478 430 Apage.
555 372 650 414 ΒΤ.
690 353 990 418 Acheruntis
1017 368 1202 419 ostium
1227 371 1280 419 in
1305 371 1527 422 nostrost
1553 389 1690 439 agro.
1755 378 1855 425 525

130 447 268 497 Turn
305 450 476 499 vinum
512 451 649 515 prius
686 466 838 517 quam
876 453 1127 504 coctumst
1161 456 1350 520 pendet
1387 456 1630 521 putidum,
1779 481 1856 522 125

129 539 238 584 LE.
275 531 484 601 (Aside.)
537 535 833 588 Consuadet
869 539 1078 600 homini,
1106 540 1272 591 cre'dO.
1312 543 1403 592 etsi
1440 543 1679 595 scelestus
1718 554 1806 606 est,

129 621 199 669 At
232 620 302 669 mi
340 621 554 671 infidelis
591 622 696 672 non
735 633 824 674 est.
899 632 994 674 ΒΤ.
1033 626 1170 675 Audi
1208 626 1383 677 cetera.

129 704 253 755 Post
289 705 356 767 id,
383 706 618 756 frumenti
656 724 814 773 quom
852 709 968 758 alibi
1005 712 1182 761 messis
1219 711 1521 774 maxumam,

129 788 316 841 Tribus
353 791 504 842 tantis
542 793 607 842 illi
645 795 811 844 minus
849 796 976 845 redit
1014 811 1167 860 quam
1205 797 1501 848 obseveris.-
1757 804 1857 850 530

129 882 246 927 PH.
285 876 440 939 Hem,

127 961 249 1012 Istic
287 973 487 1028 oportet
524 964 688 1014 obseri
725 965 894 1015 mores
932 967 1107 1028 malos,
1778 993 1858 1033 130

131 1047 183 1097 Si
220 1048 273 1097 in
310 1049 594 1100 obserendo
634 1051 831 1115 possint
869 1052 1117 1103 interfieri.

128 1140 224 1185 ΒΤ.
263 1134 445 1200 Neque
487 1134 727 1201 umquam
767 1139 1097 1203 quisquamst,
1126 1141 1308 1206 quoius
1347 1143 1427 1192 ille
1466 1142 1584 1208 ager
1619 1143 1725 1202 fuit,

129 1220 270 1282 Quin
305 1220 542 1287 pessume
582 1223 626 1271 ei
663 1239 743 1272 res
780 1223 994 1274 vorterit.
1035 1225 1252 1291 quorum
1290 1227 1393 1287 fuit,

127 1305 228 1355 Alii
265 1306 518 1357 exulatum
557 1308 798 1369 abierunt,
833 1310 914 1358 alii
952 1312 1178 1373 emortui,
1757 1319 1856 1364 535

126 1393 229 1442 Alii
265 1409 318 1444 se
356 1394 678 1459 suspendere.
718 1410 814 1456 ern,
842 1412 978 1446 nune
1016 1397 1096 1446 hic
1136 1398 1316 1462 quoius
1356 1408 1429 1448 est
1779 1421 1854 1462 135

126 1478 197 1527 Vt
234 1478 300 1528 ad
336 1480 514 1529 incitas
550 1479 814 1530 redactust.
888 1488 1007 1533 PH.
1045 1483 1227 1548 Apage
1264 1501 1294 1534 a
1330 1501 1413 1534 me
1452 1486 1602 1534 istum
1641 1501 1834 1551 agrum.

126 1570 220 1614 ΒΤ.
263 1564 431 1630 Magis
469 1564 632 1630 apage
670 1566 824 1627 dicas,
853 1568 893 1616 si
932 1568 1104 1618 omnia
1139 1587 1206 1619 ex
1243 1586 1325 1620 me
1364 1571 1626 1620 audiveris
1770 1559 1775 1562 ’

127 1649 264 1699 Nam
300 1649 561 1716 fulguritae
599 1650 714 1701 sunt
752 1653 953 1702 alternis
992 1653 1224 1704 arbores:

127 1735 253 1786 Sues
290 1738 571 1786 moriuntur
608 1737 794 1803 angina
831 1739 912 1788 hic
948 1739 1232 1790 acerrume:
1755 1748 1855 1792 540

125 1822 262 1874 Oves
283 1824 486 1873 scabrae
508 1833 636 1884 sunt,
657 1824 759 1874 tam
779 1826 998 1890 glabrae,
1017 1843 1095 1888 en,
1117 1844 1269 1892 quarn
1285 1828 1409 1878 haec
1430 1828 1505 1878 est
1525 1845 1717 1880 manus.
1779 1851 1858 1889 140

126 1907 264 1958 Tum
301 1909 469 1959 autem
510 1911 767 1972 Surorum,
794 1912 958 1977 genus
995 1913 1134 1977 quod
1168 1914 1656 1979 patientissumumst

125 1993 428 2058 Hominum,
455 2013 608 2047 nemo
647 2007 782 2047 extat
820 2000 905 2065 qui
943 2000 1011 2048 ibi
1050 2016 1139 2049 sex
1177 2001 1364 2050 mensis
1402 2002 1606 2050 vixerit:

124 2081 202 2132 Ita
238 2081 406 2134 cuncti
444 2084 685 2134 solstitiali
723 2087 905 2135 morbo
946 2085 1197 2138 decidunt.

125 2173 241 2218 PH.
282 2168 450 2219 Credo
504 2170 602 2235 ego
652 2172 793 2232 istuC‚
843 2171 1072 2232 Stasime,
1118 2172 1186 2221 ita
1237 2171 1382 2223 esse:
1447 2172 1537 2222 sed
1599 2172 1857 2238 Campans

404 2272 566 2322 genus
1755 2263 1855 2308 545

125 2337 290 2389 Multo
330 2340 572 2391 Surorum
609 2342 710 2391 iam
748 2342 924 2392 antidit
961 2342 1269 2408 patientiam.
1776 2365 1854 2406 145

126 2423 227 2475 Sed
263 2426 404 2476 istest
441 2443 562 2491 ager
599 2428 842 2492 profecto,
870 2438 925 2478 ut
961 2437 1011 2477 te
1050 2429 1218 2478 audivi
1253 2430 1407 2494 loqui,

124 2508 292 2560 Malos
331 2511 383 2560 in
421 2528 574 2577 quem
611 2514 777 2563 omnis
815 2512 1016 2579 publice
1053 2516 1184 2565 mitti
1221 2516 1379 2565 decet.

125 2593 263 2646 Sicut
299 2596 664 2648 fortunatorum
702 2609 984 2649 memorant
1021 2601 1224 2661 insulem,

77 2695 81 2698 ’
124 2681 245 2743 Quo
283 2681 449 2733 cuncti
487 2686 572 2749 qui
610 2694 824 2735 aetatem
864 2686 1055 2752 egerint
1093 2686 1229 2736 caste
1268 2703 1411 2736 suam
1751 2692 1852 2736 550

123 2765 471 2819 Conveniant:
513 2780 689 2822 contra
725 2772 853 2822 istuc
892 2773 1086 2822 detrudi
1123 2773 1379 2822 maleficos
1774 2794 1853 2833 150

122 2852 360 2917 Aequom
396 2855 604 2917 videtur,
632 2858 722 2921 qui
762 2858 966 2922 quidem
1003 2858 1143 2907 istius
1183 2859 1247 2907 sit
1285 2858 1439 2907 modi.

123 2943 220 2987 ΒΤ.
260 2937 606 3004 Hospitiumst
644 2942 966 2992 calamitatis:
1008 2943 1128 3008 quid
1165 2944 1326 2993 verbis
1363 2944 1545 3008 opust?
