2116 3326
240 174 271 225 6
996 177 1137 224 PLA
1153 177 1277 223 VT]
1728 186 1765 228 1.
1789 188 1828 228 2.
1851 186 2006 240 33-68-

238 326 351 376 Nisi
389 323 442 375 tii
481 341 562 374 me
602 324 836 374 mihimet
875 323 1054 374 censes
1095 321 1347 375 dicturum
1386 323 1533 373 male.

237 412 376 461 Nam
417 412 457 461 si
496 413 549 460 in
588 420 636 460 te
677 419 944 476 aegrotant
982 409 1114 460 artes
1154 408 1388 475 antiquae
1426 419 1542 459 tuae
1938 409 2002 457 72

242 498 499 549 Omnibus
539 498 716 547 amicis
755 497 995 546 morbum
1033 505 1087 546 tu
1126 496 1339 546 incuties
1378 512 1603 562 gravem,
1937 499 2002 543 75

236 585 306 635 Vt
345 585 393 635 te
431 585 600 635 videre
638 585 916 651 audireque
956 586 1152 650 aegroti
1190 585 1335 634 sient.

241 679 350 722 CA.
391 672 495 733 Qui
530 673 581 720 in
618 671 845 720 mentem
884 672 1019 721 venit
1058 672 1150 720 tibi
1189 672 1345 720 istaec
1386 670 1520 721 dicta
1558 669 1761 720 dicere?
1946 689 2001 730 40

234 766 359 808 ME.
402 758 539 820 Quia
577 759 745 808 omnis
784 760 952 807 bonos
991 756 1260 823 bonasque
1300 757 1544 808 adcurare
1583 756 1814 817 addecet,

235 846 591 911 Suspicionem
630 854 679 894 et
717 842 921 910 culpam
960 856 1015 894 ut
1054 846 1117 894 ab
1157 861 1211 895 se
1251 843 1539 910 segregent.

236 940 343 982 CA.
388 933 512 982 Non
550 933 722 998 potest
759 942 1026 998 utrumque
1066 932 1189 981 fieri.
1240 938 1367 981 ME.
1408 930 1776 997 Quapropter?
1817 936 1926 980 CA.

522 1019 736 1085 Rogas?
1932 1020 1998 1067 80

235 1107 316 1157 Ne
357 1107 624 1156 admittam
664 1107 882 1172 culpam,
922 1123 1021 1171 ego
1057 1106 1174 1156 meo
1214 1123 1328 1157 sum
1366 1123 1579 1172 promus
1618 1105 1846 1172 pectori:

234 1195 519 1260 Suspiciost
557 1195 608 1242 in
647 1193 853 1259 pectore
893 1194 1059 1243 alieno
1099 1195 1207 1244 sita.
1944 1216 1996 1257 45

236 1280 375 1330 Nam
415 1278 554 1330 nunc
595 1297 693 1345 ego
734 1282 775 1330 si
813 1291 860 1331 te
901 1280 1229 1347 subrupuisse
1271 1279 1497 1347 suspicer

231 1368 345 1417 Iovi
383 1383 628 1417 coronam
668 1367 730 1417 de
771 1370 934 1433 capite
974 1386 1036 1418 ex
1077 1368 1349 1434 Capitolio,

233 1454 335 1516 Qui
375 1456 425 1503 in
465 1454 718 1504 columine
757 1464 887 1505 astat
927 1454 1163 1518 summ03
1206 1457 1247 1506 si
1288 1457 1339 1505 id
1378 1473 1484 1506 non
1524 1455 1700 1506 feceris
1929 1461 1994 1508 85

230 1542 400 1607 Atque
440 1541 489 1590 id
530 1550 701 1591 tamen
740 1542 864 1591 mihi
902 1541 1072 1592 lubeat
1112 1542 1444 1607 suspicarier:

232 1628 335 1689 Qui
375 1638 426 1677 tu
466 1629 517 1678 id
556 1630 823 1694 prohibere
863 1630 945 1679 me
985 1640 1134 1696 potes
1175 1647 1239 1679 ne
1279 1628 1540 1696 suspicer?
1610 1629 1614 1632 ’
1942 1654 1997 1694 50

233 1715 334 1765 Sed
371 1714 498 1765 istuc
537 1718 711 1782 negoti
750 1715 903 1783 cupio
943 1719 1069 1767 scire
1110 1718 1232 1784 quid
1270 1719 1374 1768 siet.

227 1807 350 1850 ME.
395 1802 586 1852 Haben
626 1814 678 1852 tu
717 1804 940 1853 amicum
978 1813 1064 1853 aut
1103 1804 1402 1853 familiarem
1443 1801 1753 1870 quempiam,

231 1888 369 1950 Quoi
408 1890 588 1954 pectus
629 1892 824 1957 sapiat?
880 1896 991 1942 CA.
1030 1877 1235 1959 Edepol
1274 1893 1376 1942 hau
1415 1892 1584 1943 dicam
1625 1894 1760 1944 dolo,
1928 1898 1995 1944 90

231 1975 358 2025 Sunt
396 1977 527 2042 quos
567 1979 673 2028 scio
713 1981 908 2030 amicos
947 1979 1090 2030 esse:
1131 1989 1248 2030 sunt
1286 1997 1417 2047 quos
1458 1978 1702 2046 suspicor.

231 2063 333 2112 Sed
371 2073 425 2112 tu
466 2064 529 2114 ex
569 2066 744 2115 amicis
785 2065 932 2116 certis
973 2067 1041 2115 mi
1082 2084 1136 2118 es
1176 2069 1522 2118 certissumus

230 2149 409 2215 Siquid
448 2152 546 2201 scis
586 2169 669 2203 me
701 2153 884 2203 fecisse
924 2154 1103 2203 inscite
1143 2163 1229 2204 aut
1267 2156 1500 2220 inprobe,
1926 2159 1992 2205 95

229 2238 281 2287 Si
320 2239 371 2288 id
411 2240 517 2289 non
557 2257 641 2291 me
681 2257 907 2303 accusaS,
935 2239 1040 2292 uite
1079 2241 1463 2307 obiurgandu's.
1540 2250 1666 2293 ΜΕ.
1709 2242 1829 2293 Scio

226 2324 294 2374 Et
333 2327 373 2375 si
412 2325 510 2376 alia
549 2326 648 2377 huc
690 2345 846 2378 causa
885 2329 951 2378 ad
990 2339 1038 2379 te
1077 2329 1274 2392 adveni,
1303 2346 1526 2396 aequom
1564 2330 1808 2397 postulas.
1937 2339 1993 2380 60

229 2419 337 2462 CA.
378 2412 612 2478 Expecto
653 2415 821 2480 siquid
860 2416 1019 2467 dicas.
1097 2423 1220 2467 ME.
1264 2418 1620 2468 Primumdum
1647 2417 1880 2468 omnium

228 2499 367 2549 Male
408 2501 663 2551 dictitatur
700 2503 790 2551 tibi
828 2504 983 2568 volgo
1023 2504 1075 2552 in
1114 2504 1454 2555 sermonibus

228 2586 765 2654 Turpilucricupidum
804 2588 853 2639 te
892 2600 1077 2641 vocant
1116 2592 1250 2642 cives
1289 2594 1390 2643 tui:
1892 2598 1993 2645 100

228 2674 367 2722 Tum
407 2675 576 2724 autem
615 2687 732 2726 sunt
771 2677 852 2726 alii
891 2679 980 2743 qui
1017 2687 1065 2729 te
1105 2679 1379 2730 volturium
1416 2690 1634 2731 vocant:

227 2759 480 2811 Hostisne
520 2780 585 2813 an
625 2764 747 2814 civis
786 2765 1015 2816 comedis
1054 2768 1198 2832 parvi
1237 2767 1479 2833 pendere.
1936 2779 1989 2833 65

229 2846 378 2897 Haec
418 2865 574 2914 quom
615 2848 767 2901 audio
805 2853 857 2901 in
895 2862 943 2902 te
984 2854 1098 2914 dici,
1128 2855 1405 2909 discrucior
1441 2856 1610 2907 miser.

228 2940 337 2983 CA.
377 2933 471 2984 Est
510 2935 662 3002 atque
703 2954 810 2987 non
850 2948 926 2989 est
964 2940 1087 2989 mihi
1126 2941 1177 2989 in
1215 2958 1386 3002 manu,
1415 2941 1814 3008 Megaronides:

229 3020 370 3082 Quin
411 3022 598 3086 dicant,
628 3041 735 3075 non
774 3035 879 3077 est:
919 3026 1099 3078 merito
1139 3038 1193 3079 ut
1232 3045 1297 3079 ne
1336 3029 1524 3093 dicant,
1551 3031 1604 3080 id
1642 3040 1735 3085 est.
1888 3036 1987 3084 105
