2068 3310
101 152 162 195 Π,
183 154 224 194 2,
240 150 423 206 86405,
762 141 934 187 TRIN
944 143 1213 193 VMMVS.
1767 161 1788 196 1
1803 157 1831 212 7

102 292 218 335 PH.
258 284 379 334 Non
418 291 595 343 aetate,
621 281 794 333 verum
832 285 1039 351 ingenio
1078 288 1313 352 apiscitur
1352 288 1609 355 sapientia.

101 359 341 437 Agedum
379 370 633 434 eloquere,
660 370 784 434 quid
823 371 940 422 dare
979 373 1046 422 illi
1084 372 1220 424 minc
1254 375 1363 425 vis?
1419 382 1533 426 LY.
1574 376 1660 426 Nil
1698 379 1837 444 quic-

385 454 555 521 quam,
584 464 726 520 pater
750 474 759 504 :

102 540 188 593 T1i
225 541 381 591 modo
419 558 484 591 ne
522 557 605 591 me
643 541 914 606 prohibeas
953 546 1198 610 accipere,
1228 548 1392 613 siquid
1429 547 1512 598 det
1549 549 1686 597 mihi.
1734 552 1834 598 370

103 634 218 678 PH.
256 615 342 676 Ᾰῐι
391 643 453 676 eo
505 636 785 691 egestatem
835 631 884 678 ei
932 631 1185 694 tolerabis,
1232 634 1399 699 siquid
1445 636 1507 684 ab
1557 635 1641 683 illo
1693 633 1838 684 acce-

388 713 560 778 peris?

101 805 216 849 LY.
252 798 347 860 Εό,
387 809 544 865 pater.
601 806 718 849 PH.
769 800 862 851 Pol
911 801 1008 868 ego
1072 805 1218 854 istam
1268 805 1384 856 volo
1446 822 1528 855 me
1589 804 1838 855 rationem

385 884 618 935 edoceas
655 892 770 935 LY.
811 886 964 937 Licet.
1783 911 1838 954 90

105 971 227 1021 Scin
269 980 323 1021 tu
361 971 499 1020 illum
541 987 643 1036 quo
691 971 875 1036 genere
919 983 1102 1039 gnatus
1144 977 1241 1027 sit?
1281 983 1397 1026 PH.
1441 977 1571 1037 Scio,
1613 973 1838 1040 adprime

386 1058 565 1122 prob0.

102 1145 217 1192 LY.
258 1142 410 1192 Soror
446 1143 562 1192 illist
600 1141 770 1194 adt'ssta
807 1146 948 1210 virgo
986 1146 1218 1212 grandis:
1259 1165 1371 1198 eam
1410 1148 1574 1214 cupio,
1606 1155 1763 1212 pater,

102 1227 302 1279 Diicere
360 1229 574 1278 uxorem
627 1230 733 1279 sine
785 1231 916 1282 dote.
1018 1240 1133 1283 PH.
1179 1234 1306 1293 Sine
1358 1235 1477 1285 dote
1536 1231 1840 1283 uxoremve?

385 1320 502 1364 LY.
541 1314 633 1375 Ita,
1742 1320 1840 1366 375

103 1400 219 1451 Tua
244 1418 296 1451 re
324 1402 485 1452 salva:
525 1401 622 1452 hoc
649 1401 801 1466 pacto
829 1404 894 1452 ab
920 1404 1003 1454 illo
1033 1403 1283 1455 siimmam
1310 1407 1456 1456 inibis
1484 1405 1712 1471 gratiam,

104 1487 286 1552 Neque
326 1487 648 1537 commodius
688 1486 790 1537 tillo
829 1500 980 1554 pacto
1021 1491 1065 1539 ei
1103 1491 1291 1556 poteris
1333 1491 1627 1542 auxiliarier.
1780 1514 1840 1555 ,95

105 1580 223 1623 PH.
261 1558 444 1638 Egone
482 1572 763 1622 indotatam
799 1583 846 1623 te
881 1591 1092 1625 uxorem
1127 1587 1182 1626 ut
1219 1577 1412 1642 patiar?
1486 1584 1600 1628 LY.
1639 1578 1843 1628 Patiun-

389 1657 570 1717 dtimst,
599 1668 770 1723 pater:

105 1731 173 1793 Et
210 1760 271 1794 eo
310 1754 459 1808 pacto
499 1744 750 1794 addideris
789 1756 991 1797 nostrae
1030 1747 1250 1813 lepidam
1287 1750 1475 1800 famam
1513 1750 1745 1800 familiae.

107 1836 228 1879 PH.
267 1829 430 1878 Miilta
473 1846 569 1879 etro
615 1846 824 1894 possum
876 1833 1008 1883 dicta
1058 1835 1207 1885 docte
1259 1844 1307 1885 et
1357 1836 1584 1902 quamvis
1627 1836 1843 1887 facunde

388 1916 557 1981 loqui:
1743 1928 1842 1973 380

106 2000 386 2051 Historiam
444 2010 664 2051 veterem
719 2002 871 2069 atque
927 2006 1186 2072 antiquam
1248 2007 1372 2058 haec
1434 2006 1549 2058 mea
1610 2018 1842 2059 senectus

392 2086 616 2138 stistinet.

105 2173 296 2223 Verum
334 2190 431 2239 ego
471 2175 675 2239 quando
714 2184 763 2225 te
802 2176 851 2227 et
889 2180 1157 2230 amicitiam
1196 2190 1244 2230 et
1281 2180 1490 2246 gratiam
1527 2181 1579 2230 in
1617 2178 1843 2230 nostram

390 2260 602 2309 domum
1762 2287 1842 2315 100

106 2345 274 2395 Video
313 2346 542 2406 adlicere,
566 2349 659 2397 etsi
697 2348 989 2401 advorszrtus
1028 2353 1118 2401 tibi
1156 2352 1239 2413 fui,
1267 2353 1387 2402 istac
1425 2350 1621 2401 itidico:

108 2430 230 2479 Tibi
267 2433 516 2496 permitto,
547 2434 716 2499 posce,
746 2438 888 2486 duce.
919 2435 924 2441 ’
962 2444 1077 2488 LY.
1117 2439 1186 2488 Di
1226 2449 1274 2488 te
1314 2440 1578 2488 servassint
1616 2437 1768 2486 mihi:

108 2515 208 2565 Sed
234 2517 298 2566 ad
324 2518 470 2567 istam
498 2521 628 2570 adde
664 2522 876 2587 gratiam
911 2540 1084 2575 unum.
1159 2531 1276 2574 PH.
1316 2524 1454 2585 Quid
1479 2524 1531 2573 id
1565 2533 1640 2573 est
1673 2532 1842 2572 autem

387 2607 580 2654 unum?
655 2614 770 2658 LY.
810 2595 1065 2675 Eloquar:
1740 2614 1840 2659 385

80 2685 239 2736 ‘Tlite
301 2689 365 2738 ad
419 2707 536 2741 eum
599 2695 766 2757 adeas,
819 2694 923 2745 trite
987 2697 1238 2757 concilies,
1285 2695 1387 2746 uite
1449 2712 1648 2762 poscas.
1722 2703 1840 2746 PH.

387 2761 592 2828 Eccere.
914 2768 917 2769 ⁷

104 2865 220 2910 LY.
260 2860 434 2912 Nimio
480 2865 624 2916 citius
667 2865 947 2933 transiges:
1011 2869 1209 2919 firmum
1259 2869 1411 2919 omne
1461 2870 1551 2919 erit
1599 2868 1738 2936 quod
1786 2877 1842 2919 tu

391 2948 566 3015 egeris.
1762 2975 1837 3016 105

942 3041 968 3075 C
