2116 3326
253 164 320 202 22
979 153 1119 198 PLA
1136 153 1259 198 VTI
1665 164 1727 206 ΙΙ.
1749 166 1787 206 4.
1809 174 1992 219 95-122.

248 302 350 350 Vbi
388 300 616 350 mortuos
656 299 737 360 sis,
765 299 832 347 ita
870 299 939 348 sis
976 306 1030 348 ut
1067 296 1260 347 nomen
1298 296 1444 348 cluet.
1938 318 1990 360 95

247 394 366 437 ΡΗ.
408 387 559 436 Nunc
596 384 650 434 tit
690 386 819 434 scias
857 385 938 434 hic
975 383 1222 434 factiones
1262 383 1413 449 atque
1450 400 1576 450 opes

248 474 372 523 Non
411 472 521 522 esse
559 488 722 536 neque
760 486 855 520 nos
893 470 1032 520 tuam
1071 471 1340 535 neglegere
1379 469 1625 535 gratiam:

251 559 369 609 Sine
408 558 525 607 dote
563 572 725 622 posco
765 555 904 605 tuam
943 571 1171 606 sororem
1208 555 1329 606 fssio.

249 645 397 707 Quae
434 642 513 694 res
550 644 681 692 bene
719 651 892 692 vortat.
931 641 1135 691 habeon
1174 644 1411 707 pactam?
1450 642 1574 708 quid
1610 645 1785 693 taces?
1889 645 1989 692 500

247 738 342 780 ΞΤ.
383 730 479 779 Pro
519 729 568 779 di
607 729 915 787 inmortaleS,
945 728 1302 778 condicionem
1342 729 1523 793 quoius
1562 729 1718 780 modi.
1911 749 1991 777 100

246 823 366 866 ΡΗ.
407 816 547 878 Quin
585 814 806 864 fabulare
848 815 931 864 ‘di
968 815 1099 864 bene
1137 823 1364 865 vortant:
1405 815 1699 882 spondeo'?

246 910 343 953 ST.
381 903 542 962 Eheu,

244 991 348 1040 Vbi
386 988 508 1039 usus
547 987 669 1037 nihil
707 986 810 1037 erat
847 988 896 1035 ei
929 986 1078 1049 dicto,
1109 988 1400 1054 ‘spondeo'

243 1077 490 1126 Dicebat:
530 1091 666 1124 nunc
703 1075 799 1134 hie,
828 1089 985 1139 quom
1024 1074 1154 1139 opus
1194 1084 1282 1137 est,
1310 1092 1417 1125 non
1457 1076 1563 1141 quit
1601 1075 1784 1126 dicere.

243 1169 353 1212 LE.
394 1161 569 1223 Quom
606 1160 864 1210 adfinitate
902 1160 1069 1210 vostra
1106 1176 1190 1210 me
1229 1161 1536 1212 arbitramini
1885 1165 1986 1210 505

242 1250 486 1315 Dignum,
514 1245 680 1296 habeo
719 1247 876 1305 vobis,
905 1246 1086 1306 Philto,
1113 1264 1357 1313 magnam
1387 1248 1615 1313 gratiam.
1907 1268 1984 1308 105

246 1336 349 1386 Sed
387 1336 428 1384 si
467 1332 592 1383 hae'c
631 1349 711 1382 res
749 1333 962 1397 graviter
1002 1332 1182 1383 cecidit
1219 1333 1425 1384 stultitia
1464 1351 1594 1395 mea,

242 1422 423 1481 Philto,
454 1421 529 1470 est
568 1436 687 1484 ager
725 1421 818 1469 sub
856 1417 980 1469 urbe
1019 1421 1199 1470 nobis:
1242 1418 1359 1470 eum
1399 1421 1532 1471 dabo

242 1508 434 1558 Dotem
473 1507 659 1557 sorori:
698 1505 819 1555 nam
858 1507 899 1556 is
940 1506 1001 1556 de
1042 1506 1222 1556 divitiis
1262 1508 1388 1558 meis

245 1592 394 1644 Solus
433 1593 638 1658 superfit
675 1591 873 1657 praeter
911 1592 1062 1643 vitam
1100 1591 1331 1643 relicuos,
1886 1596 1986 1642 510

243 1687 361 1730 ΡΗ.
402 1678 634 1729 Profecto
674 1678 847 1728 dotem
885 1680 954 1728 nil
992 1695 1179 1729 moror.
1253 1686 1362 1729 LE.
1405 1677 1659 1730 Certumst
1697 1678 1833 1730 dare.
1907 1699 1988 1729 110

243 1773 338 1816 S‘I'.
379 1763 551 1831 (Aside
600 1772 643 1814 to
692 1763 1023 1831 Lesbonicus)
1087 1765 1411 1826 Nostramne,
1454 1782 1552 1828 ere,
1598 1765 1671 1817 vis
1722 1766 1986 1827 nutricem,

527 1867 656 1917 quae
695 1868 790 1901 nos
831 1852 1026 1912 educat,

244 1938 546 1989 Abalienare
585 1954 614 1987 a
651 1938 834 1987 nobis?
874 1954 994 1987 cave
1031 1938 1099 1988 sis
1139 1937 1344 1988 feceris:

243 2025 383 2086 Quid
420 2023 628 2073 edemus
667 2034 869 2074 nosmet
906 2025 1118 2089 postea?
1193 2030 1302 2073 LE.
1341 2023 1509 2072 Etiam
1545 2021 1600 2073 ui
1635 2024 1807 2073 taces?

244 2111 362 2160 Tibi
413 2110 549 2176 egon
598 2110 845 2160 rationem
894 2111 1140 2161 re'ddam?
1179 2132 1183 2133 ⁷
1239 2117 1334 2160 S'I'.
1387 2108 1600 2178 (Aside.)
1651 2110 1806 2159 Plane
1856 2107 1986 2174 peri-

532 2196 677 2257 imus,
1881 2200 1982 2245 515

242 2282 356 2332 Nisi
395 2282 516 2348 quid
553 2299 651 2347 ego
690 2284 1045 2333 conminiscor.
1099 2281 1326 2351 (Aloud.)
1376 2282 1556 2343 Philto,
1583 2281 1633 2332 te
1671 2282 1801 2332 vo10.
1907 2301 1984 2343 115

244 2377 361 2419 ΡΗ.
402 2369 580 2434 Siquid
629 2370 716 2431 vis,
761 2370 990 2420 Stasime.
1066 2376 1162 2419 S'I'.
1209 2370 1330 2419 Huc
1381 2368 1607 2419 concede
1657 2367 1984 2434 aliquantum.

529 2462 645 2505 ΡΗ.
686 2457 844 2506 Licet.

243 2548 338 2590 S'I'.
379 2540 582 2591 Arcano
620 2543 708 2591 tibi
747 2559 844 2607 ego
881 2542 981 2592 hoc
1020 2543 1152 2602 dico,
1181 2559 1246 2592 ne
1284 2541 1364 2591 ille
1403 2557 1466 2591 ex
1505 2538 1552 2590 te
1593 2540 1718 2590 sciat

243 2627 384 2676 Neve
423 2627 548 2677 alius
587 2629 870 2693 quisquam.
948 2635 1064 2677 PH.
1106 2628 1270 2678 Crede
1310 2628 1550 2678 audacter
1587 2626 1865 2692 quidlubet.

243 2720 338 2762 ΒΤ.
378 2713 473 2762 Per
500 2714 623 2764 deos
650 2724 798 2780 atque
825 2714 1059 2765 homines
1087 2715 1220 2775 dico,
1247 2730 1311 2763 ne
1338 2722 1389 2763 tu
1415 2710 1568 2763 illunc
1596 2728 1775 2777 agrum
1882 2715 1984 2762 520

243 2797 420 2846 Tuom
459 2800 567 2848 siris
607 2816 850 2865 umquam
888 2800 996 2849 fieri
1034 2816 1200 2864 neque
1238 2799 1379 2864 gnati
1415 2799 1516 2848 tui:
1905 2818 1984 2847 120

242 2883 305 2932 Ei
343 2885 412 2933 rei
453 2884 750 2950 argumenta
789 2887 969 2936 dicam.
1045 2892 1163 2935 ΡΗ.
1203 2885 1392 2934 Audire
1431 2884 1611 2949 edepol
1647 2883 1799 2934 lubet.

243 2975 336 3019 ST.
379 2970 604 3020 Primum
643 2973 872 3022 omnium
911 2973 1032 3022 olim
1071 2971 1200 3022 terra
1237 2987 1396 3037 quom
1433 2970 1787 3036 proscinditur,
