<?xml version="1.0" encoding="UTF-8"?>
<!DOCTYPE html PUBLIC "-//W3C//DTD XHTML 1.0 Transitional//EN"
    "http://www.w3.org/TR/xhtml1/DTD/xhtml1-transitional.dtd">
<html xmlns="http://www.w3.org/1999/xhtml" xml:lang="en" lang="en">
 <head>
  <title>
</title>
<meta http-equiv="Content-Type" content="text/html;charset=utf-8" />
  <meta name='ocr-system' content='tesseract 3.04.00' />
  <meta name='ocr-capabilities' content='ocr_page ocr_carea ocr_par ocr_line ocrx_word'/>
</head>
<body>
  <div class='ocr_page' id='page_1' title='image "./trinummus1883plauuoft_0058.png"; bbox 0 0 2116 3326; ppageno 0'>
   <div class='ocr_carea' id='block_1_1' title="bbox 268 154 1989 223">
    <p class='ocr_par' dir='ltr' id='par_1_1' title="bbox 268 154 1989 223">
     <span class='ocr_line' id='line_1_1' title="bbox 268 154 1989 223; baseline 0.006 -29"><span class='ocrx_word' id='word_1_1' title='bbox 268 167 339 223; x_wconf 82' lang='lat'>30</span> <span class='ocrx_word' id='word_1_2' title='bbox 997 154 1134 199; x_wconf 79' lang='lat' dir='ltr'>PLA</span> <span class='ocrx_word' id='word_1_3' title='bbox 1150 155 1272 199; x_wconf 78' lang='lat' dir='ltr'>VTJ</span> <span class='ocrx_word' id='word_1_4' title='bbox 1668 163 1753 206; x_wconf 90' lang='lat'>111.</span> <span class='ocrx_word' id='word_1_5' title='bbox 1775 165 1817 206; x_wconf 87' lang='lat'>2.</span> <span class='ocrx_word' id='word_1_6' title='bbox 1837 164 1989 218; x_wconf 84' lang='lat'>57-80.</span> 
     </span>
    </p>
   </div>
   <div class='ocr_carea' id='block_1_2' title="bbox 266 286 1992 364">
    <p class='ocr_par' dir='ltr' id='par_1_2' title="bbox 266 286 1992 364">
     <span class='ocr_line' id='line_1_2' title="bbox 266 286 1992 364; baseline -0.001 -17"><span class='ocrx_word' id='word_1_7' title='bbox 266 286 395 350; x_wconf 74' lang='lat' dir='ltr'>Esse</span> <span class='ocrx_word' id='word_1_8' title='bbox 439 315 715 364; x_wconf 82' lang='lat' dir='ltr'>agrumque</span> <span class='ocrx_word' id='word_1_9' title='bbox 758 298 957 360; x_wconf 89' lang='lat' dir='ltr'>habere,</span> <span class='ocrx_word' id='word_1_10' title='bbox 998 314 1144 363; x_wconf 91' lang='lat' dir='ltr'>egere</span> <span class='ocrx_word' id='word_1_11' title='bbox 1189 297 1323 346; x_wconf 89' lang='lat' dir='ltr'>illam</span> <span class='ocrx_word' id='word_1_12' title='bbox 1368 295 1551 357; x_wconf 77' lang='lat' dir='ltr'>autem,</span> <span class='ocrx_word' id='word_1_13' title='bbox 1589 305 1643 347; x_wconf 93' lang='lat' dir='ltr'>ut</span> <span class='ocrx_word' id='word_1_14' title='bbox 1687 297 1865 347; x_wconf 89' lang='lat' dir='ltr'>merito</span> <span class='ocrx_word' id='word_1_15' title='bbox 1909 313 1992 346; x_wconf 90' lang='lat' dir='ltr'>me</span> 
     </span>
    </p>
   </div>
   <div class='ocr_carea' id='block_1_3' title="bbox 265 384 1989 606">
    <p class='ocr_par' dir='ltr' id='par_1_3' title="bbox 265 384 1989 606">
     <span class='ocr_line' id='line_1_3' title="bbox 548 384 719 433; baseline -0.006 0"><span class='ocrx_word' id='word_1_16' title='bbox 548 384 719 433; x_wconf 77' lang='lat' dir='ltr'>oderit.</span> 
     </span>
     <span class='ocr_line' id='line_1_4' title="bbox 265 467 1988 535; baseline -0.001 -16"><span class='ocrx_word' id='word_1_17' title='bbox 265 469 559 535; x_wconf 76' lang='lat' dir='ltr'>Numquam</span> <span class='ocrx_word' id='word_1_18' title='bbox 597 470 686 518; x_wconf 89' lang='lat' dir='ltr'>erit</span> <span class='ocrx_word' id='word_1_19' title='bbox 724 469 896 518; x_wconf 86' lang='lat' dir='ltr'>alienis</span> <span class='ocrx_word' id='word_1_20' title='bbox 934 470 1098 534; x_wconf 87' lang='lat' dir='ltr'>gravis</span> <span class='ocrx_word' id='word_1_21' title='bbox 1137 468 1221 533; x_wconf 91' lang='lat' dir='ltr'>qui</span> <span class='ocrx_word' id='word_1_22' title='bbox 1262 469 1363 517; x_wconf 91' lang='lat' dir='ltr'>suis</span> <span class='ocrx_word' id='word_1_23' title='bbox 1405 483 1458 517; x_wconf 89' lang='lat' dir='ltr'>se</span> <span class='ocrx_word' id='word_1_24' title='bbox 1499 467 1775 517; x_wconf 77' lang='lat' dir='ltr'>concinnat</span> <span class='ocrx_word' id='word_1_25' title='bbox 1810 467 1988 517; x_wconf 89' lang='lat' dir='ltr'>levem.</span> 
     </span>
     <span class='ocr_line' id='line_1_5' title="bbox 268 551 1989 606; baseline -0.001 -1"><span class='ocrx_word' id='word_1_26' title='bbox 268 557 406 606; x_wconf 90' lang='lat' dir='ltr'>Sicut</span> <span class='ocrx_word' id='word_1_27' title='bbox 446 556 546 604; x_wconf 84' lang='lat' dir='ltr'>dixi</span> <span class='ocrx_word' id='word_1_28' title='bbox 583 555 793 604; x_wconf 77' lang='lat' dir='ltr'>faciam:</span> <span class='ocrx_word' id='word_1_29' title='bbox 847 555 967 603; x_wconf 89' lang='lat' dir='ltr'>nolo</span> <span class='ocrx_word' id='word_1_30' title='bbox 1004 554 1052 603; x_wconf 93' lang='lat' dir='ltr'>te</span> <span class='ocrx_word' id='word_1_31' title='bbox 1090 553 1262 603; x_wconf 89' lang='lat' dir='ltr'>iactari</span> <span class='ocrx_word' id='word_1_32' title='bbox 1299 551 1498 603; x_wconf 79' lang='lat' dir='ltr'>diutius.</span> <span class='ocrx_word' id='word_1_33' title='bbox 1889 557 1989 603; x_wconf 90' lang='grc'>685</span> 
     </span>
    </p>
   </div>
   <div class='ocr_carea' id='block_1_4' title="bbox 120 636 1991 792">
    <p class='ocr_par' dir='ltr' id='par_1_4' title="bbox 120 636 1991 792">
     <span class='ocr_line' id='line_1_6' title="bbox 120 636 1991 707; baseline -0.002 -17"><span class='ocrx_word' id='word_1_34' title='bbox 120 642 233 707; x_wconf 64' lang='lat' dir='ltr'>LX,</span> <span class='ocrx_word' id='word_1_35' title='bbox 256 649 372 690; x_wconf 61' lang='lat' dir='ltr'>ffi,</span> <span class='ocrx_word' id='word_1_36' title='bbox 412 640 621 689; x_wconf 77' lang='lat' dir='ltr'>Tanton</span> <span class='ocrx_word' id='word_1_37' title='bbox 656 640 854 689; x_wconf 84' lang='lat' dir='ltr'>meliust</span> <span class='ocrx_word' id='word_1_38' title='bbox 889 639 936 688; x_wconf 88' lang='lat' dir='ltr'>te</span> <span class='ocrx_word' id='word_1_39' title='bbox 975 640 1158 688; x_wconf 87' lang='lat' dir='ltr'>sororis</span> <span class='ocrx_word' id='word_1_40' title='bbox 1196 636 1348 688; x_wconf 78' lang='lat' dir='ltr'>causa</span> <span class='ocrx_word' id='word_1_41' title='bbox 1385 646 1661 703; x_wconf 81' lang='lat' dir='ltr'>egestatem</span> <span class='ocrx_word' id='word_1_42' title='bbox 1691 637 1899 703; x_wconf 77' lang='lat' dir='ltr'>exsequi</span> <span class='ocrx_word' id='word_1_43' title='bbox 1937 647 1991 688; x_wconf 89' lang='lat'>60</span> 
     </span>
     <span class='ocr_line' id='line_1_7' title="bbox 265 716 1991 792; baseline -0.001 -17"><span class='ocrx_word' id='word_1_44' title='bbox 265 716 432 792; x_wconf 63' lang='lat' dir='ltr'>Atque</span> <span class='ocrx_word' id='word_1_45' title='bbox 484 742 600 776; x_wconf 92' lang='lat' dir='ltr'>eum</span> <span class='ocrx_word' id='word_1_46' title='bbox 649 742 730 774; x_wconf 91' lang='lat' dir='ltr'>me</span> <span class='ocrx_word' id='word_1_47' title='bbox 781 741 958 790; x_wconf 90' lang='lat' dir='ltr'>agrum</span> <span class='ocrx_word' id='word_1_48' title='bbox 1007 723 1190 774; x_wconf 89' lang='lat' dir='ltr'>habere</span> <span class='ocrx_word' id='word_1_49' title='bbox 1241 740 1393 789; x_wconf 91' lang='lat' dir='ltr'>quam</span> <span class='ocrx_word' id='word_1_50' title='bbox 1442 734 1505 785; x_wconf 92' lang='lat' dir='ltr'>te,</span> <span class='ocrx_word' id='word_1_51' title='bbox 1546 723 1632 773; x_wconf 79' lang='lat' dir='ltr'>tua</span> <span class='ocrx_word' id='word_1_52' title='bbox 1680 725 1766 788; x_wconf 91' lang='lat' dir='ltr'>qui</span> <span class='ocrx_word' id='word_1_53' title='bbox 1809 724 1991 774; x_wconf 88' lang='lat' dir='ltr'>toleres</span> 
     </span>
    </p>
   </div>
   <div class='ocr_carea' id='block_1_5' title="bbox 181 811 1991 1042">
    <p class='ocr_par' dir='ltr' id='par_1_5' title="bbox 181 811 1991 1042">
     <span class='ocr_line' id='line_1_8' title="bbox 546 811 781 860; baseline -0.004 0"><span class='ocrx_word' id='word_1_54' title='bbox 546 811 781 860; x_wconf 88' lang='lat' dir='ltr'>moenia?</span> 
     </span>
     <span class='ocr_line' id='line_1_9' title="bbox 181 894 1991 961; baseline -0.003 -13"><span class='ocrx_word' id='word_1_55' title='bbox 181 896 198 924; x_wconf 55' lang='lat'>³</span> <span class='ocrx_word' id='word_1_56' title='bbox 262 906 369 948; x_wconf 85' lang='lat' dir='ltr'>LE.</span> <span class='ocrx_word' id='word_1_57' title='bbox 410 897 546 947; x_wconf 81' lang='lat' dir='ltr'>Nolo</span> <span class='ocrx_word' id='word_1_58' title='bbox 582 913 679 961; x_wconf 90' lang='lat' dir='ltr'>ego</span> <span class='ocrx_word' id='word_1_59' title='bbox 714 896 835 944; x_wconf 91' lang='lat' dir='ltr'>mihi</span> <span class='ocrx_word' id='word_1_60' title='bbox 861 905 907 960; x_wconf 78' lang='lat' dir='ltr'>te</span> <span class='ocrx_word' id='word_1_61' title='bbox 935 895 1036 945; x_wconf 77' lang='lat' dir='ltr'>tam</span> <span class='ocrx_word' id='word_1_62' title='bbox 1071 896 1358 961; x_wconf 84' lang='lat' dir='ltr'>prospicere</span> <span class='ocrx_word' id='word_1_63' title='bbox 1393 896 1481 960; x_wconf 90' lang='lat' dir='ltr'>qui</span> <span class='ocrx_word' id='word_1_64' title='bbox 1513 910 1681 944; x_wconf 90' lang='lat' dir='ltr'>meam</span> <span class='ocrx_word' id='word_1_65' title='bbox 1715 894 1991 958; x_wconf 77' lang='lat' dir='ltr'>egestatem</span> 
     </span>
     <span class='ocr_line' id='line_1_10' title="bbox 543 984 692 1042; baseline 0 -10"><span class='ocrx_word' id='word_1_66' title='bbox 543 984 692 1042; x_wconf 88' lang='lat' dir='ltr'>leves,</span> 
     </span>
    </p>
   </div>
   <div class='ocr_carea' id='block_1_6' title="bbox 266 1064 2037 1302">
    <p class='ocr_par' dir='ltr' id='par_1_6' title="bbox 266 1064 2037 1302">
     <span class='ocr_line' id='line_1_11' title="bbox 267 1064 1988 1132; baseline -0.004 -14"><span class='ocrx_word' id='word_1_67' title='bbox 267 1069 367 1118; x_wconf 88' lang='lat' dir='ltr'>Sed</span> <span class='ocrx_word' id='word_1_68' title='bbox 397 1078 450 1117; x_wconf 92' lang='lat' dir='ltr'>ut</span> <span class='ocrx_word' id='word_1_69' title='bbox 480 1069 629 1132; x_wconf 90' lang='lat' dir='ltr'>inops</span> <span class='ocrx_word' id='word_1_70' title='bbox 665 1066 862 1116; x_wconf 79' lang='lat' dir='ltr'>infamis</span> <span class='ocrx_word' id='word_1_71' title='bbox 894 1083 957 1115; x_wconf 92' lang='lat' dir='ltr'>ne</span> <span class='ocrx_word' id='word_1_72' title='bbox 991 1066 1113 1116; x_wconf 90' lang='lat' dir='ltr'>sim:</span> <span class='ocrx_word' id='word_1_73' title='bbox 1165 1065 1229 1115; x_wconf 91' lang='lat' dir='ltr'>ne</span> <span class='ocrx_word' id='word_1_74' title='bbox 1261 1067 1331 1115; x_wconf 91' lang='lat' dir='ltr'>mi</span> <span class='ocrx_word' id='word_1_75' title='bbox 1365 1065 1496 1115; x_wconf 89' lang='lat' dir='ltr'>hanc</span> <span class='ocrx_word' id='word_1_76' title='bbox 1528 1065 1715 1114; x_wconf 87' lang='lat' dir='ltr'>famam</span> <span class='ocrx_word' id='word_1_77' title='bbox 1742 1064 1988 1123; x_wconf 89' lang='lat' dir='ltr'>differant,</span> 
     </span>
     <span class='ocr_line' id='line_1_12' title="bbox 266 1149 1990 1218; baseline -0.003 -15"><span class='ocrx_word' id='word_1_78' title='bbox 266 1154 354 1203; x_wconf 86' lang='lat' dir='ltr'>Me</span> <span class='ocrx_word' id='word_1_79' title='bbox 393 1169 687 1218; x_wconf 78' lang='lat' dir='ltr'>germanam</span> <span class='ocrx_word' id='word_1_80' title='bbox 724 1151 891 1200; x_wconf 78' lang='lat' dir='ltr'>meam</span> <span class='ocrx_word' id='word_1_81' title='bbox 930 1167 1158 1201; x_wconf 91' lang='lat' dir='ltr'>sororem</span> <span class='ocrx_word' id='word_1_82' title='bbox 1195 1152 1246 1199; x_wconf 91' lang='lat' dir='ltr'>in</span> <span class='ocrx_word' id='word_1_83' title='bbox 1284 1149 1679 1201; x_wconf 78' lang='lat' dir='ltr'>concubinatum</span> <span class='ocrx_word' id='word_1_84' title='bbox 1715 1151 1819 1210; x_wconf 86' lang='lat' dir='ltr'>tibi,</span> <span class='ocrx_word' id='word_1_85' title='bbox 1888 1151 1990 1198; x_wconf 89' lang='grc'>690</span> 
     </span>
     <span class='ocr_line' id='line_1_13' title="bbox 269 1236 2037 1302; baseline -0.004 -12"><span class='ocrx_word' id='word_1_86' title='bbox 269 1241 323 1290; x_wconf 87' lang='lat' dir='ltr'>Si</span> <span class='ocrx_word' id='word_1_87' title='bbox 349 1240 454 1289; x_wconf 88' lang='lat' dir='ltr'>sine</span> <span class='ocrx_word' id='word_1_88' title='bbox 483 1239 598 1288; x_wconf 91' lang='lat' dir='ltr'>dote</span> <span class='ocrx_word' id='word_1_89' title='bbox 625 1238 740 1297; x_wconf 83' lang='lat' dir='ltr'>de&#39;m,</span> <span class='ocrx_word' id='word_1_90' title='bbox 769 1237 966 1286; x_wconf 89' lang='lat' dir='ltr'>dedisse</span> <span class='ocrx_word' id='word_1_91' title='bbox 997 1236 1159 1301; x_wconf 76' lang='lat' dir='ltr'>magis</span> <span class='ocrx_word' id='word_1_92' title='bbox 1195 1253 1346 1302; x_wconf 91' lang='lat' dir='ltr'>quam</span> <span class='ocrx_word' id='word_1_93' title='bbox 1373 1238 1425 1286; x_wconf 91' lang='lat' dir='ltr'>in</span> <span class='ocrx_word' id='word_1_94' title='bbox 1460 1237 1847 1286; x_wconf 80' lang='lat' dir='ltr'>matrimonium.</span> <span class='ocrx_word' id='word_1_95' title='bbox 1936 1242 1988 1294; x_wconf 87' lang='lat'>65</span> <span class='ocrx_word' id='word_1_96' title='bbox 2032 1284 2037 1300; x_wconf 33' lang='lat' dir='ltr'><em>f</em></span> 
     </span>
    </p>
   </div>
   <div class='ocr_carea' id='block_1_7' title="bbox 263 1301 2082 1900">
    <p class='ocr_par' dir='ltr' id='par_1_7' title="bbox 267 1301 2082 1387">
     <span class='ocr_line' id='line_1_14' title="bbox 267 1301 2082 1387; baseline -0.003 -13"><span class='ocrx_word' id='word_1_97' title='bbox 267 1326 397 1386; x_wconf 83' lang='lat' dir='ltr'>Quis</span> <span class='ocrx_word' id='word_1_98' title='bbox 435 1340 516 1373; x_wconf 94' lang='lat' dir='ltr'>me</span> <span class='ocrx_word' id='word_1_99' title='bbox 555 1323 812 1387; x_wconf 87' lang='lat' dir='ltr'>inprobior</span> <span class='ocrx_word' id='word_1_100' title='bbox 850 1321 1162 1386; x_wconf 73' lang='lat' dir='ltr'>perhibeatur</span> <span class='ocrx_word' id='word_1_101' title='bbox 1201 1322 1346 1372; x_wconf 88' lang='lat' dir='ltr'>esse?</span> <span class='ocrx_word' id='word_1_102' title='bbox 1400 1322 1523 1371; x_wconf 89' lang='lat' dir='ltr'>haec</span> <span class='ocrx_word' id='word_1_103' title='bbox 1562 1320 1873 1387; x_wconf 73' lang='lat' dir='ltr'>famigeratio</span> <span class='ocrx_word' id='word_1_104' title='bbox 1892 1302 2009 1364; x_wconf 45' lang='lat'>*⁷⁴3³</span> <span class='ocrx_word' id='word_1_105' title='bbox 2032 1301 2082 1332; x_wconf 40' lang='grc' dir='ltr'><strong>Τ</strong></span> 
     </span>
    </p>

    <p class='ocr_par' dir='ltr' id='par_1_8' title="bbox 266 1407 1777 1467">
     <span class='ocr_line' id='line_1_15' title="bbox 266 1407 1777 1467; baseline -0.002 -7"><span class='ocrx_word' id='word_1_106' title='bbox 266 1411 345 1460; x_wconf 88' lang='lat' dir='ltr'>Te</span> <span class='ocrx_word' id='word_1_107' title='bbox 384 1411 631 1467; x_wconf 87' lang='lat' dir='ltr'>honestet,</span> <span class='ocrx_word' id='word_1_108' title='bbox 659 1425 740 1456; x_wconf 92' lang='lat' dir='ltr'>me</span> <span class='ocrx_word' id='word_1_109' title='bbox 780 1408 1140 1457; x_wconf 81' lang='lat' dir='ltr'>conlutulentet</span> <span class='ocrx_word' id='word_1_110' title='bbox 1178 1409 1222 1457; x_wconf 90' lang='lat' dir='ltr'>si</span> <span class='ocrx_word' id='word_1_111' title='bbox 1261 1410 1367 1457; x_wconf 89' lang='lat' dir='ltr'>sine</span> <span class='ocrx_word' id='word_1_112' title='bbox 1406 1408 1523 1458; x_wconf 93' lang='lat' dir='ltr'>dote</span> <span class='ocrx_word' id='word_1_113' title='bbox 1562 1407 1777 1457; x_wconf 73' lang='lat' dir='ltr'>duxeris.</span> 
     </span>
    </p>

    <p class='ocr_par' dir='ltr' id='par_1_9' title="bbox 265 1492 1989 1559">
     <span class='ocr_line' id='line_1_16' title="bbox 265 1492 1989 1559; baseline -0.002 -14"><span class='ocrx_word' id='word_1_114' title='bbox 265 1497 386 1545; x_wconf 91' lang='lat' dir='ltr'>Tibi</span> <span class='ocrx_word' id='word_1_115' title='bbox 425 1496 485 1544; x_wconf 87' lang='lat' dir='ltr'>sit</span> <span class='ocrx_word' id='word_1_116' title='bbox 523 1493 922 1543; x_wconf 87' lang='lat' dir='ltr'>emolumentum</span> <span class='ocrx_word' id='word_1_117' title='bbox 960 1494 1197 1543; x_wconf 86' lang='lat' dir='ltr'>honoris:</span> <span class='ocrx_word' id='word_1_118' title='bbox 1253 1493 1377 1542; x_wconf 91' lang='lat' dir='ltr'>mihi</span> <span class='ocrx_word' id='word_1_119' title='bbox 1415 1493 1554 1559; x_wconf 92' lang='lat' dir='ltr'>quod</span> <span class='ocrx_word' id='word_1_120' title='bbox 1590 1492 1844 1543; x_wconf 88' lang='lat' dir='ltr'>obiectent</span> <span class='ocrx_word' id='word_1_121' title='bbox 1883 1493 1989 1542; x_wconf 89' lang='lat' dir='ltr'>siet.</span> 
     </span>
    </p>

    <p class='ocr_par' dir='ltr' id='par_1_10' title="bbox 263 1579 1990 1730">
     <span class='ocr_line' id='line_1_17' title="bbox 263 1579 1990 1642; baseline -0.002 -11"><span class='ocrx_word' id='word_1_122' title='bbox 263 1588 376 1631; x_wconf 89' lang='lat' dir='ltr'>LY.</span> <span class='ocrx_word' id='word_1_123' title='bbox 419 1580 592 1641; x_wconf 84' lang='lat' dir='ltr'>Quid?</span> <span class='ocrx_word' id='word_1_124' title='bbox 659 1588 705 1628; x_wconf 90' lang='lat' dir='ltr'>te</span> <span class='ocrx_word' id='word_1_125' title='bbox 756 1579 1048 1628; x_wconf 78' lang='lat' dir='ltr'>dictatorem</span> <span class='ocrx_word' id='word_1_126' title='bbox 1098 1594 1276 1628; x_wconf 90' lang='lat' dir='ltr'>censes</span> <span class='ocrx_word' id='word_1_127' title='bbox 1325 1579 1444 1639; x_wconf 81' lang='lat' dir='ltr'>fore,</span> <span class='ocrx_word' id='word_1_128' title='bbox 1486 1579 1526 1628; x_wconf 91' lang='lat' dir='ltr'>si</span> <span class='ocrx_word' id='word_1_129' title='bbox 1576 1580 1666 1628; x_wconf 89' lang='lat' dir='ltr'>abs</span> <span class='ocrx_word' id='word_1_130' title='bbox 1716 1587 1764 1628; x_wconf 92' lang='lat' dir='ltr'>te</span> <span class='ocrx_word' id='word_1_131' title='bbox 1814 1594 1990 1642; x_wconf 89' lang='lat' dir='ltr'>agrum</span> 
     </span>
     <span class='ocr_line' id='line_1_18' title="bbox 543 1665 1989 1730; baseline -0.001 -15"><span class='ocrx_word' id='word_1_132' title='bbox 543 1665 854 1730; x_wconf 85' lang='lat' dir='ltr'>acceperim?</span> <span class='ocrx_word' id='word_1_133' title='bbox 1887 1667 1989 1714; x_wconf 89' lang='lat'>695</span> 
     </span>
    </p>

    <p class='ocr_par' dir='ltr' id='par_1_11' title="bbox 263 1748 1992 1900">
     <span class='ocr_line' id='line_1_19' title="bbox 263 1748 1992 1818; baseline -0.002 -15"><span class='ocrx_word' id='word_1_134' title='bbox 263 1761 369 1803; x_wconf 85' lang='lat' dir='ltr'>LE.</span> <span class='ocrx_word' id='word_1_135' title='bbox 413 1751 591 1818; x_wconf 86' lang='lat' dir='ltr'>Neque</span> <span class='ocrx_word' id='word_1_136' title='bbox 646 1752 760 1800; x_wconf 84' lang='lat' dir='ltr'>volo</span> <span class='ocrx_word' id='word_1_137' title='bbox 817 1768 980 1816; x_wconf 91' lang='lat' dir='ltr'>neque</span> <span class='ocrx_word' id='word_1_138' title='bbox 1043 1751 1243 1816; x_wconf 79' lang='lat' dir='ltr'>postulo</span> <span class='ocrx_word' id='word_1_139' title='bbox 1305 1767 1470 1816; x_wconf 91' lang='lat' dir='ltr'>neque</span> <span class='ocrx_word' id='word_1_140' title='bbox 1533 1749 1748 1800; x_wconf 88' lang='lat' dir='ltr'>censeo:</span> <span class='ocrx_word' id='word_1_141' title='bbox 1818 1748 1992 1799; x_wconf 76' lang='lat' dir='ltr'>verum</span> 
     </span>
     <span class='ocr_line' id='line_1_20' title="bbox 546 1848 1992 1900; baseline 0 -14"><span class='ocrx_word' id='word_1_142' title='bbox 546 1848 715 1887; x_wconf 91' lang='lat' dir='ltr'>tamen</span> <span class='ocrx_word' id='word_1_143' title='bbox 1938 1854 1992 1900; x_wconf 86' lang='lat'>70</span> 
     </span>
    </p>
   </div>
   <div class='ocr_carea' id='block_1_8' title="bbox 264 1913 2042 3015">
    <p class='ocr_par' dir='ltr' id='par_1_12' title="bbox 264 1913 2042 3015">
     <span class='ocr_line' id='line_1_21' title="bbox 265 1913 1866 1988; baseline -0.001 -14"><span class='ocrx_word' id='word_1_144' title='bbox 265 1913 316 1976; x_wconf 75' lang='lat' dir='ltr'>ss</span> <span class='ocrx_word' id='word_1_145' title='bbox 355 1935 429 1975; x_wconf 91' lang='lat' dir='ltr'>est</span> <span class='ocrx_word' id='word_1_146' title='bbox 467 1924 631 1973; x_wconf 92' lang='lat' dir='ltr'>honos</span> <span class='ocrx_word' id='word_1_147' title='bbox 668 1924 863 1972; x_wconf 89' lang='lat' dir='ltr'>homini</span> <span class='ocrx_word' id='word_1_148' title='bbox 897 1924 1083 1988; x_wconf 88' lang='lat' dir='ltr'>pudico</span> <span class='ocrx_word' id='word_1_149' title='bbox 1122 1922 1408 1972; x_wconf 87' lang='lat' dir='ltr'>meminisse</span> <span class='ocrx_word' id='word_1_150' title='bbox 1446 1921 1668 1973; x_wconf 77' lang='lat' dir='ltr'>officium</span> <span class='ocrx_word' id='word_1_151' title='bbox 1706 1938 1866 1973; x_wconf 90' lang='lat' dir='ltr'>suom.</span> 
     </span>
     <span class='ocr_line' id='line_1_22' title="bbox 264 2008 1988 2075; baseline -0.002 -15"><span class='ocrx_word' id='word_1_152' title='bbox 264 2017 377 2060; x_wconf 86' lang='lat' dir='ltr'>LY.</span> <span class='ocrx_word' id='word_1_153' title='bbox 439 2011 554 2060; x_wconf 85' lang='lat' dir='ltr'>Scio</span> <span class='ocrx_word' id='word_1_154' title='bbox 607 2010 840 2075; x_wconf 86' lang='lat' dir='ltr'>equidem</span> <span class='ocrx_word' id='word_1_155' title='bbox 897 2019 944 2058; x_wconf 90' lang='lat' dir='ltr'>te</span> <span class='ocrx_word' id='word_1_156' title='bbox 997 2008 1244 2059; x_wconf 74' lang='lat' dir='ltr'>animatus</span> <span class='ocrx_word' id='word_1_157' title='bbox 1293 2018 1348 2057; x_wconf 94' lang='lat' dir='ltr'>ut</span> <span class='ocrx_word' id='word_1_158' title='bbox 1402 2009 1502 2058; x_wconf 89' lang='lat' dir='ltr'>sis:</span> <span class='ocrx_word' id='word_1_159' title='bbox 1558 2009 1720 2066; x_wconf 91' lang='lat' dir='ltr'>vide0‚</span> <span class='ocrx_word' id='word_1_160' title='bbox 1778 2008 1988 2068; x_wconf 90' lang='lat' dir='ltr'>subolet,</span> 
     </span>
     <span class='ocr_line' id='line_1_23' title="bbox 546 2095 724 2146; baseline 0.006 -1"><span class='ocrx_word' id='word_1_161' title='bbox 546 2095 724 2146; x_wconf 87' lang='lat' dir='ltr'>sentio.</span> 
     </span>
     <span class='ocr_line' id='line_1_24' title="bbox 266 2168 1959 2246; baseline -0.001 -15"><span class='ocrx_word' id='word_1_162' title='bbox 266 2168 327 2231; x_wconf 77' lang='lat' dir='ltr'>fd</span> <span class='ocrx_word' id='word_1_163' title='bbox 366 2182 472 2246; x_wconf 91' lang='lat' dir='ltr'>agis</span> <span class='ocrx_word' id='word_1_164' title='bbox 510 2190 577 2240; x_wconf 90' lang='lat' dir='ltr'>ut,</span> <span class='ocrx_word' id='word_1_165' title='bbox 605 2183 690 2230; x_wconf 91' lang='lat' dir='ltr'>ubi</span> <span class='ocrx_word' id='word_1_166' title='bbox 728 2180 1036 2230; x_wconf 81' lang='lat' dir='ltr'>adfinitatem</span> <span class='ocrx_word' id='word_1_167' title='bbox 1074 2180 1201 2229; x_wconf 88' lang='lat' dir='ltr'>inter</span> <span class='ocrx_word' id='word_1_168' title='bbox 1237 2196 1331 2230; x_wconf 91' lang='lat' dir='ltr'>nos</span> <span class='ocrx_word' id='word_1_169' title='bbox 1370 2190 1593 2229; x_wconf 89' lang='lat' dir='ltr'>nostram</span> <span class='ocrx_word' id='word_1_170' title='bbox 1632 2179 1959 2229; x_wconf 80' lang='lat' dir='ltr'>adstrinxeris</span> 
     </span>
     <span class='ocr_line' id='line_1_25' title="bbox 266 2256 1991 2332; baseline -0.002 -16"><span class='ocrx_word' id='word_1_171' title='bbox 266 2256 433 2332; x_wconf 62' lang='lat' dir='ltr'>Atque</span> <span class='ocrx_word' id='word_1_172' title='bbox 478 2283 594 2316; x_wconf 91' lang='lat' dir='ltr'>eum</span> <span class='ocrx_word' id='word_1_173' title='bbox 633 2284 809 2331; x_wconf 88' lang='lat' dir='ltr'>agrum</span> <span class='ocrx_word' id='word_1_174' title='bbox 851 2267 1044 2316; x_wconf 89' lang='lat' dir='ltr'>dederis</span> <span class='ocrx_word' id='word_1_175' title='bbox 1090 2284 1183 2316; x_wconf 92' lang='lat' dir='ltr'>nec</span> <span class='ocrx_word' id='word_1_176' title='bbox 1226 2268 1496 2331; x_wconf 90' lang='lat' dir='ltr'>quicquam</span> <span class='ocrx_word' id='word_1_177' title='bbox 1539 2266 1618 2315; x_wconf 90' lang='lat' dir='ltr'>hic</span> <span class='ocrx_word' id='word_1_178' title='bbox 1663 2267 1751 2314; x_wconf 91' lang='lat' dir='ltr'>tibi</span> <span class='ocrx_word' id='word_1_179' title='bbox 1802 2265 1863 2315; x_wconf 89' lang='lat' dir='ltr'>sit</span> <span class='ocrx_word' id='word_1_180' title='bbox 1907 2265 1991 2330; x_wconf 92' lang='lat' dir='ltr'>qui</span> 
     </span>
     <span class='ocr_line' id='line_1_26' title="bbox 548 2352 1991 2412; baseline 0.001 -13"><span class='ocrx_word' id='word_1_181' title='bbox 548 2352 696 2401; x_wconf 76' lang='lat' dir='ltr'>vitam</span> <span class='ocrx_word' id='word_1_182' title='bbox 737 2353 888 2412; x_wconf 81' lang='lat' dir='ltr'>colaS‚</span> <span class='ocrx_word' id='word_1_183' title='bbox 1890 2355 1991 2401; x_wconf 90' lang='lat'>700</span> 
     </span>
     <span class='ocr_line' id='line_1_27' title="bbox 266 2425 1988 2503; baseline 0.001 -18"><span class='ocrx_word' id='word_1_184' title='bbox 266 2425 494 2502; x_wconf 75' lang='lat' dir='ltr'>Effugias</span> <span class='ocrx_word' id='word_1_185' title='bbox 531 2454 593 2486; x_wconf 84' lang='lat' dir='ltr'>ex</span> <span class='ocrx_word' id='word_1_186' title='bbox 631 2435 751 2486; x_wconf 76' lang='lat' dir='ltr'>urbe</span> <span class='ocrx_word' id='word_1_187' title='bbox 791 2438 967 2497; x_wconf 78' lang='lat' dir='ltr'>inaniS‚</span> <span class='ocrx_word' id='word_1_188' title='bbox 995 2437 1238 2502; x_wconf 81' lang='lat' dir='ltr'>profugus</span> <span class='ocrx_word' id='word_1_189' title='bbox 1277 2439 1490 2503; x_wconf 88' lang='lat' dir='ltr'>patriam</span> <span class='ocrx_word' id='word_1_190' title='bbox 1528 2437 1744 2498; x_wconf 86' lang='lat' dir='ltr'>deseraS,</span> <span class='ocrx_word' id='word_1_191' title='bbox 1938 2454 1988 2498; x_wconf 85' lang='lat'>75</span> 
     </span>
     <span class='ocr_line' id='line_1_28' title="bbox 267 2522 1530 2588; baseline -0.002 -15"><span class='ocrx_word' id='word_1_192' title='bbox 267 2524 542 2588; x_wconf 81' lang='lat' dir='ltr'>Cognatos,</span> <span class='ocrx_word' id='word_1_193' title='bbox 571 2523 896 2582; x_wconf 82' lang='lat' dir='ltr'>adfinitatem,</span> <span class='ocrx_word' id='word_1_194' title='bbox 924 2525 1115 2573; x_wconf 89' lang='lat' dir='ltr'>amicos</span> <span class='ocrx_word' id='word_1_195' title='bbox 1154 2523 1293 2573; x_wconf 90' lang='lat' dir='ltr'>factis</span> <span class='ocrx_word' id='word_1_196' title='bbox 1331 2522 1530 2588; x_wconf 73' lang='lat' dir='ltr'>nuptiis.</span> 
     </span>
     <span class='ocr_line' id='line_1_29' title="bbox 268 2608 1989 2674; baseline 0.002 -19"><span class='ocrx_word' id='word_1_197' title='bbox 268 2608 389 2658; x_wconf 83' lang='lat' dir='ltr'>Mea</span> <span class='ocrx_word' id='word_1_198' title='bbox 426 2625 577 2673; x_wconf 87' lang='lat' dir='ltr'>opera</span> <span class='ocrx_word' id='word_1_199' title='bbox 615 2609 730 2657; x_wconf 86' lang='lat' dir='ltr'>hinc</span> <span class='ocrx_word' id='word_1_200' title='bbox 770 2608 1086 2674; x_wconf 84' lang='lat' dir='ltr'>proterritum</span> <span class='ocrx_word' id='word_1_201' title='bbox 1126 2618 1172 2657; x_wconf 91' lang='lat' dir='ltr'>te</span> <span class='ocrx_word' id='word_1_202' title='bbox 1210 2609 1424 2673; x_wconf 70' lang='lat' dir='ltr'>meaque</span> <span class='ocrx_word' id='word_1_203' title='bbox 1462 2610 1663 2658; x_wconf 88' lang='lat' dir='ltr'>avaritia</span> <span class='ocrx_word' id='word_1_204' title='bbox 1701 2608 1989 2659; x_wconf 76' lang='lat' dir='ltr'>autument:</span> 
     </span>
     <span class='ocr_line' id='line_1_30' title="bbox 268 2681 1958 2759; baseline 0.002 -17"><span class='ocrx_word' id='word_1_205' title='bbox 268 2681 330 2744; x_wconf 74' lang='lat' dir='ltr'>Id</span> <span class='ocrx_word' id='word_1_206' title='bbox 366 2711 447 2743; x_wconf 92' lang='lat' dir='ltr'>me</span> <span class='ocrx_word' id='word_1_207' title='bbox 488 2694 857 2744; x_wconf 79' lang='lat' dir='ltr'>conmissurum</span> <span class='ocrx_word' id='word_1_208' title='bbox 894 2705 948 2744; x_wconf 91' lang='lat' dir='ltr'>ut</span> <span class='ocrx_word' id='word_1_209' title='bbox 986 2696 1144 2759; x_wconf 86' lang='lat' dir='ltr'>patiar</span> <span class='ocrx_word' id='word_1_210' title='bbox 1183 2695 1286 2744; x_wconf 87' lang='lat' dir='ltr'>fieri</span> <span class='ocrx_word' id='word_1_211' title='bbox 1326 2711 1388 2744; x_wconf 91' lang='lat' dir='ltr'>ne</span> <span class='ocrx_word' id='word_1_212' title='bbox 1427 2696 1651 2744; x_wconf 91' lang='lat' dir='ltr'>animum</span> <span class='ocrx_word' id='word_1_213' title='bbox 1689 2695 1958 2745; x_wconf 74' lang='lat' dir='ltr'>induxeris.</span> 
     </span>
     <span class='ocr_line' id='line_1_31' title="bbox 266 2768 2042 2846; baseline 0.001 -17"><span class='ocrx_word' id='word_1_214' title='bbox 266 2787 362 2829; x_wconf 80' lang='grc' dir='ltr'>ΒΤ.</span> <span class='ocrx_word' id='word_1_215' title='bbox 402 2780 521 2829; x_wconf 82' lang='lat' dir='ltr'>Non</span> <span class='ocrx_word' id='word_1_216' title='bbox 542 2782 675 2828; x_wconf 88' lang='lat' dir='ltr'>enim</span> <span class='ocrx_word' id='word_1_217' title='bbox 696 2797 903 2846; x_wconf 88' lang='lat' dir='ltr'>possum</span> <span class='ocrx_word' id='word_1_218' title='bbox 925 2782 1048 2845; x_wconf 89' lang='lat' dir='ltr'>quin</span> <span class='ocrx_word' id='word_1_219' title='bbox 1066 2781 1376 2831; x_wconf 85' lang='lat' dir='ltr'>exclamem:</span> <span class='ocrx_word' id='word_1_220' title='bbox 1411 2797 1552 2846; x_wconf 86' lang='lat' dir='ltr'>euge,</span> <span class='ocrx_word' id='word_1_221' title='bbox 1571 2780 1714 2846; x_wconf 76' lang='lat' dir='ltr'>euge,</span> <span class='ocrx_word' id='word_1_222' title='bbox 1732 2780 1990 2846; x_wconf 85' lang='lat' dir='ltr'>LysiteleS,</span> <span class='ocrx_word' id='word_1_223' title='bbox 2039 2768 2042 2772; x_wconf 33' lang='lat'><strong><em>⁴</em></strong></span> 
     </span>
     <span class='ocr_line' id='line_1_32' title="bbox 546 2869 1990 2917; baseline 0.003 -5"><span class='ocrx_word' id='word_1_224' title='bbox 546 2870 692 2916; x_wconf 85' lang='grc' dir='ltr'>πάλιν.</span> <span class='ocrx_word' id='word_1_225' title='bbox 1889 2869 1990 2917; x_wconf 90' lang='grc'>705</span> 
     </span>
     <span class='ocr_line' id='line_1_33' title="bbox 265 2949 1989 3015; baseline 0.002 -16"><span class='ocrx_word' id='word_1_226' title='bbox 265 2949 430 3000; x_wconf 76' lang='lat' dir='ltr'>Facile</span> <span class='ocrx_word' id='word_1_227' title='bbox 469 2951 690 3015; x_wconf 87' lang='lat' dir='ltr'>palmam</span> <span class='ocrx_word' id='word_1_228' title='bbox 728 2952 911 3002; x_wconf 83' lang='lat' dir='ltr'>habes:</span> <span class='ocrx_word' id='word_1_229' title='bbox 965 2952 1046 3002; x_wconf 89' lang='lat' dir='ltr'>hic</span> <span class='ocrx_word' id='word_1_230' title='bbox 1084 2953 1290 3004; x_wconf 88' lang='lat' dir='ltr'>victust:</span> <span class='ocrx_word' id='word_1_231' title='bbox 1333 2954 1449 3004; x_wconf 86' lang='lat' dir='ltr'>vicit</span> <span class='ocrx_word' id='word_1_232' title='bbox 1486 2962 1571 3004; x_wconf 88' lang='lat' dir='ltr'>tua</span> <span class='ocrx_word' id='word_1_233' title='bbox 1608 2951 1888 3004; x_wconf 89' lang='lat' dir='ltr'>comoedia.</span> <span class='ocrx_word' id='word_1_234' title='bbox 1933 2962 1989 3003; x_wconf 89' lang='lat'>80</span> 
     </span>
    </p>
   </div>
  </div>
 </body>
</html>
