2068 3310
85 129 146 171 Π.
168 130 208 170 2.
232 127 388 183 39—61.
740 118 1194 167 TRJNVMMVS.
1777 128 1842 186 15

86 247 140 312 ss
177 261 405 327 probust,
433 275 587 325 quem
625 259 850 326 paenitet
884 278 1038 327 quam
1073 263 1265 328 pr6bus
1305 265 1364 313 sit
1404 275 1451 315 et
1490 265 1624 331 frugi
1660 267 1842 317 bonae.
1916 279 1925 282 ’
1976 248 1978 250 ¹

89 347 193 409 Qui
219 347 360 413 ipsus
387 346 482 396 sibi
509 347 628 396 satis
655 347 835 412 placet,
859 364 954 398 nec
981 350 1171 413 prdbus
1199 360 1273 400 est
1301 368 1394 401 nec
1416 352 1547 417 frugi
1571 354 1759 404 bonae:
1790 376 1843 416 40

91 432 194 494 Qui
231 434 373 498 ipsus
414 449 467 482 se
507 433 804 495 contemnit,
830 435 882 483 in
922 444 1030 484 eost
1070 437 1268 486 indoles
1307 436 1593 489 industriae.

90 524 205 569 LY.
245 505 330 569 Ob
365 534 480 568 eam
506 535 614 568 rem
640 520 784 579 haee,
811 529 966 586 pater,
995 520 1266 584 autumavi,
1294 525 1412 589 quia
1438 542 1518 575 res
1547 526 1846 591 quaedamst

376 605 532 673 quam
558 608 674 657 volo

91 679 207 760 Ego
233 709 317 742 me
352 694 442 743 abs
469 702 518 742 te
554 693 778 744 exorare.
822 701 941 745 PH.
983 695 1121 757 Quid
1148 697 1199 746 id
1225 698 1332 746 est?
1374 697 1492 749 dare
1521 700 1618 749 iam
1648 701 1845 760 veniam

377 778 556 844 gestio.
1745 791 1844 836 325

93 872 209 916 LY.
250 853 579 915 Adulescenti
617 866 736 917 hinc
775 867 962 933 genere
1003 885 1222 930 summo,
1250 871 1418 921 amieo
1459 880 1609 937 atque
1650 874 1849 940 aequali

380 969 514 1012 mCO,
1792 982 1843 1022 45

98 1039 276 1089 Minus
315 1039 399 1105 qui
439 1049 584 1090 caute
623 1050 671 1090 et
709 1041 928 1106 edgitate
969 1041 1112 1092 suam
1151 1060 1257 1092 rem
1296 1047 1535 1105 tractavit,
1566 1056 1720 1112 pater,

79 1125 243 1176 'Bene
268 1126 384 1175 volo
411 1126 480 1175 illi
507 1125 673 1176 facere
702 1143 816 1192 ego,
848 1128 942 1177 nisi
969 1127 1022 1176 tu
1050 1130 1202 1178 nevis.
1244 1136 1360 1180 ΡΗ.
1389 1131 1591 1197 Nempe
1621 1134 1681 1183 de
1707 1137 1828 1184 tuo?

97 1218 214 1261 LY.
254 1212 536 1272 De-meo:
597 1229 718 1263 nam
770 1215 910 1280 qudd
960 1224 1152 1265 tuomst
1202 1215 1434 1278 meumst,
1475 1235 1628 1269 omne
1679 1231 1847 1271 autem

381 1298 556 1348 meum
595 1308 802 1350 tuomst.

93 1392 212 1435 ΡΗ.
239 1385 383 1448 Quid
409 1387 484 1436 is?
526 1389 743 1452 egetne?
782 1393 897 1436 LY.
930 1387 1076 1453 Ege't.
1115 1396 1233 1440 ΡΗ.
1262 1390 1524 1441 Habuitne
1551 1395 1692 1443 rem?
1731 1400 1847 1444 LY.

381 1473 589 1524 Habuit.
634 1480 751 1524 ΡΗ.
783 1475 886 1536 Qui
912 1492 1025 1525 eam
1051 1476 1301 1541 perdidit?
1746 1487 1846 1544 330

96 1557 383 1608 Publicisne
421 1560 606 1609 adfinis
646 1560 738 1609 fuit
778 1578 843 1610 an
882 1561 1162 1613 maritumis
1201 1566 1453 1630 negdtiis?
1793 1590 1847 1630 50

98 1644 436 1695 Mercaturan'
465 1646 531 1695 an
557 1647 746 1695 venalis
783 1646 971 1708 habuit,
1000 1650 1086 1698 ubi
1125 1667 1231 1699 rem
1271 1651 1522 1716 pe'rdidit?

97 1736 217 1781 LY.
258 1730 399 1780 Nihil
437 1732 666 1782 istorum.
708 1739 826 1783 ΡΗ.
869 1733 1007 1796 Quid
1045 1736 1226 1801 igitur?
1266 1743 1381 1787 LY.
1422 1739 1519 1788 Per
1557 1739 1847 1790 cdmitatem

385 1819 581 1883 edep6L
611 1829 781 1883 pater:

101 1902 366 1953 Praeterea
406 1904 720 1970 aliquantum
758 1906 914 1955 animi
953 1924 1106 1958 causa
1144 1910 1194 1958 in
1235 1909 1425 1960 deliciis
1465 1913 1776 1977 disperdidit.

99 1995 218 2039 PH.
256 1974 458 2055 Edepol
496 1991 758 2041 hominem
799 1993 1145 2058 praedicatum
1184 1996 1330 2046 firme
1370 2008 1417 2046 et
1455 1998 1774 2060 familiariter,

99 2075 205 2138 Qui
255 2078 462 2143 quidem
512 2094 766 2144 nusquam
818 2080 908 2145 per
953 2082 1185 2132 virtutem
1237 2083 1344 2133 rem
1397 2085 1647 2151 confregit
1698 2087 1847 2154 atque

381 2173 510 2230 eget.

1793 2210 1843 2236 0³

98 2247 186 2298 Nil
223 2265 397 2299 moror
428 2267 544 2300 eum
576 2252 665 2300 tibi
705 2268 815 2301 esse
854 2254 1076 2303 amicum
1107 2270 1224 2304 cum
1261 2255 1367 2307 eius
1405 2259 1545 2308 modi
1573 2259 1846 2311 virtutibus,

98 2339 212 2383 LY.
255 2334 393 2397 Quia
428 2337 535 2386 sine
575 2339 716 2387 omni
751 2339 997 2401 malitiast‚
1026 2342 1238 2392 tolerare
1276 2354 1552 2409 egestatem
1583 2347 1688 2397 eius
1714 2349 1844 2398 volo.

100 2426 218 2470 PH.
255 2420 335 2471 De
380 2423 619 2473 mendico
659 2425 791 2475 male
835 2435 1054 2477 meretur
1093 2430 1178 2494 qui
1222 2431 1271 2479 ei
1315 2432 1399 2480 dat
1438 2434 1575 2496 quod
1618 2435 1719 2484 edit
1764 2433 1848 2484 aut

381 2509 549 2559 bibat:

99 2589 236 2640 Nam
274 2591 324 2642 et
361 2594 484 2644 illud
519 2596 658 2661 quod
697 2597 782 2647 dat
819 2598 981 2662 perdit
1020 2608 1068 2650 et
1107 2602 1171 2650 illi
1210 2603 1379 2667 prddit
1406 2605 1557 2654 vitam
1597 2607 1662 2655 ad
1699 2609 1848 2656 mise-

89 2695 93 2698 ’
380 2681 521 2731 riam.
1745 2699 1844 2744 340

101 2762 225 2814 N6n
263 2781 326 2815 eo
369 2766 494 2817 haec
540 2770 670 2830 dic0‚
699 2773 824 2836 quin
872 2770 1002 2838 quae
1041 2784 1094 2824 tu
1132 2776 1203 2824 vis
1250 2775 1347 2841 ego
1386 2778 1534 2827 velim
1576 2788 1625 2829 et
1666 2781 1846 2832 faciam

384 2852 592 2905 lubens:
1792 2878 1846 2918 60

104 2935 208 2987 sed
227 2953 326 3003 ego
345 2938 444 2990 hoc
461 2944 666 2992 verbum
689 2945 846 3009 qu6m
868 2946 934 2995 illi
953 2947 1194 3012 quoidam
1222 2949 1352 3010 dim,
1371 2954 1722 3016 praemonstr6
1744 2956 1845 3016 tibi,
