2116 3326
276 168 347 224 32
1007 162 1144 207 PLA
1161 163 1283 208 VT]
1720 180 1805 222 111.
1827 181 2008 235 3.1-25.

1061 371 1156 423 SC.
1188 378 1234 423 3.

621 501 1173 548 MEGARONIDES.
1239 506 1650 555 CALLICLES.

278 624 402 667 ME.
440 616 509 666 Vt
547 617 670 665 m1hi
709 634 816 666 rem
854 635 1040 680 narras,
1069 620 1315 683 Callicles,
1344 626 1479 675 nullo
1518 628 1676 677 modo

279 704 453 753 Potest
490 703 599 752 fieri
635 718 838 767 prorsus
877 706 999 768 quin
1038 705 1131 755 dos
1171 707 1314 773 detur
1350 711 1544 775 virgini.
1691 710 1703 735 ³
1767 709 1772 714 ’
1907 719 2007 765 730

282 797 389 839 CA.
429 788 665 853 Namque
705 788 869 838 hercle
908 789 1118 840 honeste
1156 792 1263 841 fieri
1301 794 1458 845 ferme
1497 797 1600 847 non
1640 807 1808 864 potest

280 874 350 922 Vt
387 874 500 923 eaim
537 875 786 939 perpetiar
823 876 893 924 ire
932 877 983 924 in
1021 880 1395 931 matrimonium

282 959 400 1009 Sine
439 960 571 1020 dote,
598 977 754 1026 quom
793 962 898 1011 eius
936 961 1042 1012 rem
1081 980 1236 1028 penes
1275 983 1356 1016 me
1394 967 1609 1019 habea'm
1651 971 1803 1021 domi.
1985 992 2007 1034 5

281 1138 405 1181 ME.

282 1214 460 1263 Parata
500 1214 592 1264 dos
632 1215 847 1265 domist:
900 1218 995 1266 nisi
1035 1219 1300 1283 expectare
1338 1223 1409 1272 vis

281 1301 352 1349 Vt
389 1300 501 1349 ez'im
541 1302 647 1350 sine
687 1302 806 1352 dote
842 1302 990 1353 frz'tter
1027 1314 1240 1370 nuptum
1279 1309 1537 1360 conlocet:
1913 1320 2012 1365 735

282 1385 404 1436 Post
443 1386 594 1436 {ideas
633 1396 734 1437 tute
774 1388 1061 1439 Philtonem
1101 1402 1149 1440 et
1188 1392 1361 1442 dotem
1399 1395 1517 1445 dare

285 1471 364 1521 Te
404 1474 449 1521 ei
487 1474 653 1522 dicas:
706 1475 868 1524 facere
907 1476 957 1524 id
995 1476 1100 1526 eius
1140 1480 1208 1527 ob
1248 1480 1519 1531 amicitiz'tm
1557 1485 1725 1547 patris.

283 1559 474 1608 Verum
512 1561 610 1610 hoc
648 1577 746 1625 ego
784 1578 955 1611 vereor
994 1579 1057 1612 ne
1096 1565 1249 1615 istaec
1287 1567 1578 1630 pollicitz'itio
1966 1593 2016 1621 10

284 1645 363 1695 Te
401 1647 451 1694 in
491 1648 681 1696 crimen
718 1648 908 1712 populo
947 1650 1105 1714 ponat
1143 1661 1293 1715 atque
1332 1652 1603 1706 infzimiam.
1767 1712 1769 1714 ,

285 1732 407 1791 Non
445 1732 632 1792 temere
672 1734 839 1783 dicant
876 1734 925 1783 te
963 1737 1241 1801 benignum
1279 1740 1550 1805 virgini:
1593 1764 1595 1766 ·
1915 1747 2015 1792 740

284 1817 470 1868 Datz'im
508 1820 595 1867 tibi
635 1819 806 1869 dotem
843 1822 888 1869 ei
928 1822 1080 1887 qudm
1119 1823 1263 1874 dares
1302 1826 1408 1876 eius
1446 1826 1475 1876 ἑ,
1513 1836 1683 1892 patre:

286 1903 365 1953 Ex
404 1904 463 1954 ezi
501 1905 663 1968 largiri
701 1914 749 1954 te
788 1906 871 1966 ssli,
899 1924 1061 1972 neque
1101 1910 1167 1958 ita
1203 1920 1256 1959 ut
1294 1913 1355 1960 sit
1393 1912 1509 1977 data
1556 1924 1575 1953 α’

287 1990 605 2040 Incolumem
643 1992 815 2041 sistere
854 1992 936 2054 illi,
964 2003 1012 2042 et
1051 1994 1255 2045 detraxe
1294 1996 1568 2050 autument.

288 2075 438 2125 Nunc
478 2077 518 2125 si
556 2076 770 2145 opperiri
810 2079 882 2127 vis
921 2078 1192 2129 adventum
1233 2081 1505 2145 Chairmffli,
1538 2113 1540 2115 -

287 2161 672 2226 Perlongumst:
711 2163 827 2212 huie
867 2164 1084 2213 ducendi
1121 2167 1309 2217 interea
1347 2171 1646 2222 abscesserit
1917 2179 2015 2224 745

288 2248 521 2298 Lubido:
562 2257 711 2314 atque
750 2266 809 2298 ea
848 2251 1082 2307 condicio
1121 2253 1198 2302 vel
1237 2255 1531 2319 primz'triast.
1586 2292 1588 2295 v

290 2341 398 2383 CA.
437 2334 632 2383 Eadem
671 2335 841 2385 omnia
879 2337 1031 2386 istaec
1063 2338 1267 2389 veniunt
1305 2342 1355 2389 in
1392 2342 1618 2392 mentem
1656 2343 1790 2393 mihi.

289 2427 413 2470 ME.
452 2421 581 2470 Vide
622 2423 661 2470 si
700 2422 797 2471 hoc
834 2424 1001 2473 utibile
1041 2425 1203 2490 mzigis
1241 2436 1391 2492 atque
1429 2429 1480 2477 in
1519 2446 1624 2478 rem
1665 2430 1906 2495 deputas:

290 2507 465 2571 Ipsum
492 2507 644 2556 zideas
665 2507 1023 2560 Lesbonicum.
1066 2518 1173 2560 CA.
1200 2512 1459 2562 Edoceam
1481 2522 1534 2562 ut
1560 2514 1637 2563 res
1664 2531 1717 2565 se
1743 2516 1926 2566 habet?
1969 2537 2022 2565 20

290 2593 357 2641 Vt
398 2593 494 2656 ego
535 2610 668 2643 nunc
707 2595 1013 2644 adulescenti
1052 2597 1375 2647 thensaurum
1413 2600 1633 2649 indicem
1921 2607 2020 2653 750

292 2678 562 2739 Indomito,
602 2679 754 2743 pleno
792 2681 977 2730 amoris
1015 2699 1073 2731 ac
1112 2684 1378 2733 lasciviae?

294 2763 539 2824 Minum6‚
568 2767 790 2815 minume
828 2767 994 2816 hercle
1033 2767 1180 2818 vero:
1223 2786 1341 2818 nam
1381 2771 1518 2820 certo
1557 2773 1677 2833 scio,

294 2849 490 2899 Locum
529 2868 731 2916 quoque
769 2853 906 2902 illum
945 2869 1153 2903 omnem
1190 2853 1276 2903 ubi
1314 2856 1454 2905 situst
1492 2857 1778 2910 comederit.

294 2935 463 2997 Quem
502 2937 672 2988 fodere
711 2949 898 3000 metuo,
938 2940 1160 2990 sonitum
1199 2959 1262 2992 ne
1301 2943 1379 2992 ille
1418 2942 1677 2995 exaudiat:
1968 2966 2017 3007 25

1968 2022 2015 2064 15
