2068 3310
98 183 182 226 111.
204 185 243 226 3.
269 183 418 238 26-57.
747 178 918 223 TRIN
929 179 1196 224 VMMVS.
1763 195 1831 249 33

100 315 181 365 Ne
218 333 325 366 rem
364 317 527 382 ipsam
565 318 785 383 indaget,
815 319 985 369 dotem
1027 321 1144 370 dare
1184 323 1222 370 si
1262 321 1487 372 dixerim.
1731 330 1829 374 755

97 406 220 450 ME.
262 400 381 462 Quo
419 401 568 466 pacto
607 419 729 467 ergo
769 405 914 469 igitur
951 405 1080 454 clam
1120 407 1213 456 dos
1254 408 1486 472 depromi
1525 412 1724 472 potest?

99 492 206 535 CA.
247 485 385 536 Dum
423 486 625 536 occasio
657 489 701 537 ei
740 492 816 538 rei
845 490 1131 554 reperiatur,
1160 493 1357 542 interim

98 570 181 618 Ab
218 571 385 620 amico
424 571 654 621 alicunde
692 571 924 623 mutuom
963 574 1227 639 argentum
1267 593 1457 641 rogem.

96 661 219 705 ME.
249 656 396 705 Potin
434 656 510 706 est
547 658 611 706 ab
650 659 814 708 amico
854 658 1084 709 alicunde
1124 664 1352 711 exorari?
1395 670 1502 712 CA.
1532 663 1717 713 Potest.
1776 686 1831 722 30

95 746 220 790 ME.
258 740 478 791 Gerrae:
520 758 584 805 ne
622 752 675 792 tu
712 744 832 792 illud
870 744 1078 794 verbum
1117 755 1338 797 actutum
1378 749 1660 798 inveneris:
1729 753 1829 799 760
1864 766 1935 786 *Μ
1979 760 1987 773 ¹

97 825 258 875 ‘Mihi
295 827 499 892 quidem
538 827 702 877 hercle
742 830 845 878 non
885 841 959 879 est
998 832 1135 895 quod
1175 832 1290 881 dem
1328 832 1589 885 mutuom?

97 918 206 961 CA.
237 911 444 961 ‘Malim
483 912 647 963 hercle
684 923 738 963 ut
769 931 940 964 verum
980 917 1119 966 dicas
1158 934 1311 981 quarn
1350 929 1402 968 ut
1440 920 1528 969 des
1568 919 1829 969 mutuom?

95 1003 216 1046 ME.
261 998 361 1047 Sed
398 999 510 1047 vide
550 1000 815 1048 consilium
856 1002 900 1049 si
937 1002 1115 1066 placet.
1158 1009 1264 1052 CA.
1298 1003 1436 1063 Quid
1475 1006 1734 1054 consilist?

95 1088 223 1131 ME.
243 1082 446 1143 Scitum,
466 1082 519 1132 ut
536 1100 633 1148 ego
654 1086 850 1149 opinor,
870 1086 1135 1136 consilium
1159 1089 1340 1138 inveni.
1367 1096 1474 1138 CA.
1498 1090 1634 1150 Quid
1652 1092 1752 1140 est?
1777 1112 1825 1151 35

94 1174 218 1216 ME.
259 1167 436 1218 Homo
475 1169 786 1219 conducatur
825 1170 1001 1237 aliquis
1039 1173 1137 1221 iarn
1177 1173 1420 1238 quantum
1460 1185 1626 1240 potest
1728 1181 1824 1225 765

95 1252 280 1317 Ignota
318 1253 455 1314 facie,
489 1254 617 1319 quae
655 1271 759 1304 non
797 1257 990 1305 visitata
1028 1259 1104 1306 sit.

94 1337 503 1388 Mendacilocum
543 1341 761 1405 aliquem
798 1359 890 1390 esse
927 1342 1156 1391 ho‘mz'nem
1197 1351 1373 1407 oportet
1405 1347 1613 1410 de's0r0‚

93 1421 411 1484 Falsidicum,
440 1426 798 1475 confidentem.
841 1433 948 1476 CA.
977 1427 1112 1489 Quid
1151 1439 1256 1476 tum
1295 1430 1507 1494 postea?

92 1513 216 1557 ME.
244 1509 295 1558 Is
322 1510 477 1559 homo
504 1510 776 1571 exornetur
803 1512 1040 1576 graphice
1067 1514 1117 1561 in
1144 1515 1463 1578 peregrinum
1490 1517 1713 1576 modurn,
1739 1527 1826 1580 ·'-40

94 1592 253 1654 Quasi
291 1594 356 1644 ad
395 1596 768 1646 adulescentem
808 1597 836 1646 a
875 1606 1013 1662 patre
1052 1615 1113 1647 ex
1156 1599 1381 1650 Seleucia
1724 1609 1818 1653 771

94 1677 305 1728 Veniat:
351 1681 563 1730 salutem
601 1682 645 1730 ei
679 1681 871 1731 nuntiet
909 1684 1069 1733 verbis
1107 1686 1291 1748 patris:

92 1761 238 1811 Illtim
271 1765 399 1814 bene
438 1782 607 1829 gerere
648 1784 751 1816 rem
790 1768 838 1816 et
876 1769 1037 1818 valere
1077 1780 1124 1818 et
1163 1772 1323 1820 vivere

92 1847 158 1897 Et
195 1847 309 1897 eum
349 1850 619 1899 rediturum
658 1851 893 1902 actutum.
934 1854 1057 1903 ferat
1096 1857 1334 1919 epistulas

90 1932 261 1983 Duas:
303 1934 387 1984 eas
425 1952 520 1985 nos
559 1938 930 2003 consignemus,
960 1942 1103 2005 quasi
1142 1942 1237 1990 sint
1275 1942 1303 1991 a
1343 1952 1496 2008 patre.
1624 1967 1677 2006 45
1723 1951 1819 1994 775

91 2017 171 2067 Illi
207 2020 290 2069 det
320 2020 540 2081 alteram,
569 2021 776 2071 alteram
815 2025 946 2074 dicat
983 2027 1068 2074 tibi

88 2101 223 2153 Dare
263 2104 374 2154 sese
412 2107 551 2157 velle.
591 2114 699 2158 CA.
730 2109 892 2174 Perge
930 2126 1082 2174 porro
1121 2112 1303 2162 dicere.

87 2195 212 2239 ME.
252 2191 417 2256 Seque
457 2190 630 2241 aurum
669 2193 795 2244 ferre
833 2197 1011 2260 virgini
1050 2197 1220 2247 dotem
1253 2198 1281 2247 a
1319 2209 1458 2264 patre

87 2274 238 2325 Dicat
275 2287 571 2342 patremque
609 2279 659 2328 id
698 2278 897 2330 iussisse
935 2298 1109 2330 aurum
1150 2284 1237 2332 tibi
1278 2285 1412 2333 dare.

88 2359 260 2410 Tenes
278 2363 412 2412 iarn?
435 2370 542 2412 CA.
560 2363 896 2429 Propemodo‚
916 2366 1063 2431 atque
1086 2369 1311 2418 ausculto
1334 2370 1612 2433 perlubens.
1642 2392 1694 2429 50
1719 2375 1817 2419 780

86 2451 208 2495 ME.
248 2446 386 2495 Tum
424 2457 477 2497 tu
517 2449 665 2513 igitur
704 2450 881 2512 deuius
920 2438 1227 2502 adulescenti
1266 2453 1441 2503 aurum
1482 2457 1639 2514 dabis,

86 2529 186 2578 Vbi
224 2533 316 2580 erit
352 2532 516 2582 locata
554 2535 691 2598 virgo
731 2535 783 2582 in
821 2537 1211 2587 matrimonium.

85 2622 196 2666 CA.
220 2616 368 2666 —Scite
405 2617 566 2667 hercle
600 2635 736 2669 sane.
774 2626 897 2669 ME.
934 2621 1066 2682 Hoc,
1095 2621 1178 2670 ubi
1207 2623 1530 2673 thensaurum
1569 2627 1816 2686 effoderiS‚

85 2697 439 2765 Suspicionem
477 2704 541 2751 ab
579 2702 902 2754 adulescente
940 2707 1199 2756 amoveris.

84 2784 325 2834 Censebit
363 2802 540 2835 aurum
578 2804 688 2838 esse
727 2789 755 2837 a
794 2800 934 2854 patre
972 2792 1192 2841 adlatum
1234 2796 1352 2843 tibi:
1620 2819 1669 2859 55
1715 2800 1814 2846 785

86 2867 171 2918 Tu
209 2870 271 2919 de
310 2869 579 2921 thensauro
619 2872 802 2923 sumes.
843 2882 951 2924 CA.
982 2876 1113 2925 Satis
1153 2879 1272 2927 scite
1311 2880 1359 2927 et
1399 2884 1581 2944 probe:

85 2951 413 3020 Quamquam
451 2955 547 3006 hoc
586 2973 667 3005 me
707 2961 882 3009 aetatis
922 2961 1274 3025 sycophantari
1312 2965 1479 3028 pudet.

932 3062 962 3094 D
