2068 3310
147 150 226 196 IV.
249 152 287 194 2.
311 151 434 205 5-28.
801 141 1254 188 TRJNVMMVS.
1823 150 1894 209 37

145 283 315 334 Viden
352 292 554 348 egestas
592 284 716 348 quid
755 286 926 349 negoti
967 285 1050 334 dat
1087 285 1283 334 homini
1322 285 1508 335 misero
1547 285 1704 335 mali?
1868 309 1889 347 5

145 369 285 430 Quin
336 385 433 435 ego
484 385 622 418 nunc
675 371 883 436 subigor
933 373 1083 421 trium
1134 388 1402 421 nummum
1451 371 1605 422 caasa
1648 381 1702 422 ut
1740 373 1894 423 hasce

429 456 665 521 epistulas

143 541 328 592 Dicam
365 543 430 592 ab
466 558 528 592 eo
563 541 771 591 homine
808 559 889 592 me
927 542 1198 608 accepisse,
1228 561 1380 610 quern
1409 545 1506 610 ego
1535 545 1618 610 qui
1646 545 1707 594 sit
1734 544 1892 594 homo

427 627 620 689 nasciO,

142 712 323 779 Naque
361 715 479 763 novi
518 730 686 779 neque
725 714 1260 766 natusmecne-ffierit
1297 718 1347 767 id
1389 717 1548 768 solida
1589 718 1710 768 scio.
1789 720 1891 766 850

144 806 258 850 CH.
297 797 508 868 (Aside.)
559 801 653 850 P61
689 800 770 850 hic
813 801 1019 866 quidem
1057 802 1272 867 fungino
1312 812 1578 868 generest:
1635 803 1798 868 capite
1840 818 1892 852 se

428 886 594 937 totum
630 887 772 952 tegit.

142 957 342 1022 sllurica
379 972 533 1023 facias
571 974 763 1023 videtur
801 973 1056 1022 hominis:
1098 990 1161 1024 eo
1199 985 1378 1024 ornatu
1417 974 1641 1025 advenit.
1841 995 1891 1023 10

140 1064 245 1126 SY.
284 1044 375 1108 slle
414 1062 501 1125 qui
539 1076 622 1109 me
663 1058 922 1120 condaxit,
955 1061 1041 1109 ubi
1081 1060 1326 1111 conduxit
1367 1063 1575 1111 abduxit
1614 1062 1859 1111 domum:

141 1143 288 1205 Quae}
326 1145 482 1194 voluit
517 1146 639 1194 mihi
680 1145 817 1205 dixit,
847 1146 1019 1196 docuit
1062 1146 1110 1196 et
1148 1151 1570 1212 praemonstravit
1607 1148 1763 1214 prius,

141 1230 261 1292 Quo
299 1231 457 1281 modo
504 1233 723 1298 quicque
763 1232 983 1297 ageram.
1024 1249 1160 1283 nunc
1213 1234 1342 1284 adeo
1396 1235 1561 1299 siquid
1607 1251 1704 1300 ego
1743 1234 1886 1283 addi—

424 1317 546 1368 dero
585 1318 815 1384 ampliUS‚
1789 1324 1888 1370 855

138 1402 217 1453 Eo
256 1404 538 1454 conductor
573 1405 754 1465 mali-us
795 1406 856 1455 de
896 1421 978 1455 me
1019 1403 1182 1469 nugas
1222 1405 1576 1456 conciliaverit.

139 1474 208 1539 Ut
233 1490 314 1539 ille
340 1507 422 1540 me
451 1490 724 1551 exornavit,
747 1492 814 1540 ita
842 1508 955 1541 sum
981 1491 1186 1541 ornatus
1208 1508 1217 1541 :
1246 1502 1511 1558 argentum
1538 1492 1636 1542 hoc
1663 1493 1815 1560 facit.¹
1839 1515 1886 1555 15

138 1561 258 1640 spse
297 1588 596 1626 ornamenta
635 1577 664 1627 a
703 1578 928 1643 chorago
967 1578 1092 1627 haec
1133 1576 1346 1643 sumpsit
1386 1595 1478 1628 suo
1518 1580 1777 1644 periculo:

137 1659 291 1712 Nt'mc
331 1679 428 1727 ego
469 1663 509 1712 si
547 1672 728 1729 potero
769 1664 1077 1713 ornamentis
1116 1664 1380 1714 hominem
1421 1664 1815 1729 circumdacere,

135 1747 286 1798 Dabo
325 1764 536 1814 operam
574 1758 629 1799 ut
664 1766 746 1799 me
786 1749 955 1815 ipsam
993 1751 1144 1815 plane
1190 1766 1302 1800 esse
1342 1751 1717 1816 sycophantam
1769 1751 1884 1801 san—

373 1851 382 1856 ·
421 1835 523 1885 tiat.
1784 1840 1886 1888 860

138 1925 248 1968 CH.
306 1916 521 1988 (Aside.)
572 1920 743 1982 Quam
798 1923 961 1987 magis
1019 1914 1211 1987 spectog
1257 1923 1428 1973 minus
1481 1923 1648 1989 placet
1703 1924 1773 1972 mi
1828 1941 1887 1974 ea

422 2006 645 2057 hominis
683 2008 864 2058 facies:
905 2010 1033 2058 mira
1073 2019 1188 2058 sunt

136 2091 206 2141 Ni
244 2091 340 2141 sslic
379 2091 584 2144 homost
623 2104 706 2144 aut
745 2095 1040 2145 dormitator
1079 2095 1163 2145 aut
1202 2105 1370 2146 sector
1408 2095 1655 2146 zonariuS.
1835 2120 1886 2148 20

134 2177 276 2227 Loca
313 2180 637 2245 contemplat,
666 2182 1056 2247 circumspectat
1095 2182 1205 2232 se'se
1243 2192 1392 2247 atque
1431 2183 1571 2232 aedis
1610 2182 1856 2233 noscitat:

136 2263 303 2314 Credo
342 2266 528 2331 edepol
567 2283 671 2332 quo
709 2268 831 2317 mox
870 2268 1088 2318 furatum
1127 2268 1294 2317 vaniat
1333 2267 1618 2333 speculatur
1656 2269 1780 2318 loca.

134 2350 304 2416 Magis
330 2352 552 2402 lubidost
580 2354 849 2404 observare
871 2354 993 2420 quid
1021 2363 1169 2420 agat:
1196 2355 1241 2403 ei
1267 2355 1336 2403 rei
1363 2353 1574 2419 operam
1595 2355 1742 2404 dabo.
1780 2359 1880 2405 865

133 2443 238 2487 SY.
279 2438 391 2489 Has
428 2442 664 2506 regiones
703 2440 1068 2490 damonstravit
1102 2441 1229 2489 mihi
1265 2441 1345 2490 ille
1386 2441 1669 2490 conductor
1706 2457 1877 2491 meus:

132 2511 287 2588 Apud
324 2526 431 2576 illas
469 2528 612 2577 aedis
651 2527 905 2577 sistendae
943 2527 1068 2575 mihi
1109 2537 1223 2576 sunt
1263 2526 1641 2592 sycophantiae.
1829 2549 1878 2589 25

131 2609 274 2660 Foris
311 2613 535 2676 pultab0.
614 2620 727 2663 CH.
769 2611 976 2680 (Aside.)
1018 2613 1100 2662 Ad
1138 2613 1336 2663 nostras
1375 2613 1513 2663 aedis
1552 2613 1634 2663 hic
1674 2614 1880 2678 quidem

113 2699 116 2702 ’
414 2698 569 2748 habet
606 2698 799 2749 rectam
837 2701 1000 2749 viam:

131 2776 320 2833 He'rcle
347 2785 530 2849 opinor
553 2787 623 2834 mi
652 2785 939 2835 advenienti
964 2786 1060 2834 hac
1087 2786 1244 2834 noctu
1271 2784 1614 2847 agitandumst
1642 2784 1851 2849 vigilias.

130 2874 235 2917 SY.
274 2867 357 2936 (K
355 2869 558 2936 nockz‘ng
581 2878 636 2920 at
657 2872 734 2921 the
758 2873 871 2920 door
901 2872 966 2937 of
984 2868 1286 2920 Charmz‘des'
1314 2868 1493 2936 house.)
1533 2859 1741 2935 Aperite
1762 2870 1876 2931 hoc,

414 2958 618 3022 aperite.
650 2956 791 3018 heus,
816 2958 988 3022 ecquis
1006 2956 1084 3005 his
1103 2955 1291 3005 foribus
1310 2954 1516 3005 tutelam
1538 2956 1666 3020 gerit
1689 2956 1706 3004 ?
1773 2959 1874 3005 870
