2068 3310
134 152 212 194 IV.
235 154 274 194 3.
296 152 452 206 42-61.
787 144 1141 189 TRJNVMM
1151 145 1246 191 VS.
1809 154 1881 210 47

132 285 239 346 Qui
271 284 341 333 nil
375 284 566 334 meriti:
608 286 802 351 quippe
838 303 1016 346 eorum
1053 304 1114 337 ex
1151 286 1360 352 inge'nio
1401 289 1665 354 ingenium
1701 289 1884 339 horum

414 372 649 435 probant.
1750 381 1883 427 1049

131 455 309 521 Siquoi
347 458 583 505 mutuim
623 458 747 522 quid
786 457 1001 520 dederis,
1030 459 1085 508 fit
1123 477 1216 525 pro
1257 461 1466 527 proprio
1505 460 1787 525 perditum:

131 541 306 603 Quom
340 551 553 607 repetas,
580 543 846 593 inimicum
885 546 1105 595 amicum
1142 547 1369 597 invenias
1409 549 1655 598 beneficio
1692 560 1791 599 tuo.
1828 571 1879 611 45

131 623 212 696 [Si
248 645 397 693 mage
436 629 638 694 exigere
678 631 916 696 occipias,
947 632 1159 681 duarum
1200 632 1368 682 rerum
1407 635 1629 683 exoritur
1669 636 1841 700 optio:

128 713 228 763 Vel
254 714 375 764 illud
401 715 541 778 quod
569 716 838 765 credideris
865 718 1049 782 perdas
1076 717 1154 767 vel
1179 719 1319 767 illum
1347 720 1567 769 amicum
1595 717 1865 788 amiseris]

130 800 250 849 Hoc
286 801 372 866 qui
407 801 459 849 in
494 811 720 851 mentem
747 803 935 853 venerit
971 806 1073 854 mi?
1125 821 1177 853 re
1213 805 1324 870 ipsa
1360 806 1518 855 modo
1556 807 1881 857 conmonitus

414 902 540 936 sum.

132 979 246 1022 CH.
301 970 512 1040 (Aside.)
552 973 702 1023 Meus
747 986 821 1025 est
866 976 947 1025 hie
989 977 1194 1041 quidem
1238 976 1483 1027 Stzisimus
1524 994 1706 1029 servos.
1782 987 1878 1029 ΞΤ.

418 1058 554 1108 Nam
592 1060 690 1124 ego
730 1061 971 1111 talentum
1010 1061 1243 1112 mutuom
1745 1070 1875 1114 1055

133 1146 274 1210 Quoi
311 1146 565 1207 dederam,
593 1147 781 1197 talento
820 1149 1082 1198 inimicum
1121 1151 1190 1198 mi
1230 1150 1345 1210 emi,
1374 1152 1595 1200 amicum
1634 1151 1850 1200 vendidi.

134 1231 235 1281 Sed
274 1248 371 1297 ego
410 1248 524 1281 sum
562 1234 877 1299 insipientior
916 1236 999 1301 qui
1038 1235 1188 1285 rebus
1229 1253 1400 1286 curem
1439 1236 1652 1302 publicis
1821 1259 1875 1298 50

131 1317 305 1366 Potius
325 1334 491 1383 quam,
515 1318 565 1368 id
586 1320 725 1384 quod
751 1320 1119 1384 proxumumst,
1139 1337 1256 1370 meo
1279 1321 1422 1386 tergo
1444 1323 1649 1371 tuteldm
1669 1339 1871 1387 geram:

129 1390 210 1454 Eo
250 1405 474 1454 domum.
555 1412 667 1455 CH.
711 1407 856 1456 Heus
895 1418 963 1468 tu,
1005 1416 1112 1457 asta
1150 1408 1298 1457 ssico:
1340 1409 1471 1470 audi,
1505 1407 1629 1458 heus
1667 1419 1735 1458 tu.
1776 1416 1872 1459 S'I'.

414 1491 537 1541 Non
578 1503 670 1543 sto.
748 1500 861 1543 CH.
904 1494 982 1543 Te
1022 1495 1153 1544 volo.
1805 1559 1810 1562 .

125 1584 222 1627 S'I'.
277 1576 431 1639 Quid,
480 1580 520 1627 si
574 1592 780 1644 egomet
835 1591 884 1630 te
936 1581 1061 1630 velle
1119 1581 1273 1630 nolo?
1351 1589 1463 1632 CH.
1518 1583 1603 1632 Ah
1643 1583 1871 1642 nimium,

411 1664 642 1727 Stasime,
676 1667 896 1717 saeviter.
1736 1674 1871 1720 1060

123 1757 219 1800 S'I'.
258 1735 446 1800 Emere
483 1754 685 1803 meliust
716 1756 836 1820 quoi
867 1756 1101 1820 imperes,
1178 1762 1292 1806 CH.
1333 1756 1424 1805 Pol
1458 1773 1556 1821 ego
1589 1756 1687 1805 emi
1719 1766 1869 1822 atque

415 1838 681 1904 argentum
718 1841 861 1891 dedi:

127 1925 227 1976 Se'd
258 1928 297 1975 si
328 1944 435 1976 non
467 1928 603 1977 dicto
636 1926 847 1977 audiens
881 1938 968 1989 est,
1003 1929 1127 1993 quid
1159 1922 1293 1994 ago?
1369 1936 1465 1979 ST.
1518 1930 1598 1979 Da
1625 1929 1870 1995 magnum

407 2014 611 2063 malum.
1815 2039 1865 2077 55

125 2106 238 2151 CH.
279 2100 419 2151 Bene
459 2118 672 2151 mones:
716 2103 782 2151 ita
821 2102 987 2152 fzicere
1028 2113 1283 2153 certumst.
1359 2110 1454 2153 ST.
1507 2103 1621 2152 Nisi
1662 2104 1868 2168 quidem

405 2205 459 2238 es
496 2188 764 2238 obnoxius.

121 2279 235 2323 CH.
277 2274 331 2324 Si
360 2277 560 2337 bonust,
591 2277 846 2327 obnoxius
875 2294 1016 2326 sum:
1060 2278 1137 2326 sin
1170 2285 1350 2336 secust,
1379 2276 1562 2325 faciam
1589 2275 1643 2326 ut
1668 2293 1865 2327 mones,

117 2366 213 2410 S'I'.
268 2361 410 2423 Quid
462 2363 515 2412 id
571 2364 636 2412 ad
687 2380 770 2413 me
823 2363 1000 2414 attinet
1049 2364 1265 2413 bonisne
1317 2363 1467 2412 servis
1519 2372 1571 2411 tu
1621 2373 1760 2412 utare
1799 2362 1864 2412 {tn

399 2449 579 2498 malis?
949 2455 954 2462 ’
1729 2454 1862 2498 1065

116 2539 231 2583 CH.
272 2533 410 2596 Quia
445 2535 570 2584 boni
608 2535 830 2600 malique
868 2536 919 2584 in
959 2553 1018 2586 ea
1056 2554 1108 2586 re
1147 2536 1263 2602 pairs
1300 2536 1448 2584 tibist.
1523 2541 1620 2585 ST.
1661 2534 1864 2584 Partem

397 2621 604 2671 §lteram
843 2621 846 2624 ’

110 2703 234 2753 Tibi
271 2708 526 2770 permitto,
565 2708 703 2757 illam
753 2707 960 2758 ‘Alteram
1001 2709 1137 2773 apud
1189 2725 1271 2756 me
1310 2706 1450 2771 quod
1493 2707 1662 2756 bonist
1701 2706 1860 2771 adpo-

128 2796 132 2797 ’
397 2793 520 2842 nito,
1806 2802 1860 2842 60

115 2881 230 2926 GH.
290 2876 346 2927 Si
395 2879 490 2927 eris
540 2880 764 2942 merituS,
804 2880 904 2931 fiet.
944 2882 1135 2946 respice
1186 2878 1286 2930 huc
1340 2880 1404 2929 ad
1455 2895 1568 2928 me:
1610 2895 1708 2946 ego
1749 2896 1860 2928 sum

398 2962 713 3016 ChairmideS.
